2940 4778
682 287 723 352 19

213 483 278 547 Ter
299 482 384 548 Eun.
409 483 452 548 96
477 499 540 566 sq.:
565 481 639 546 Non
655 480 719 563 pol,
744 499 807 565 quo
825 498 1022 565 quemquam
1038 480 1112 562 plus
1135 502 1236 546 omem

826 593 885 654 aut
907 587 982 669 plus
1005 588 1146 672 oliliquum,

622 695 673 762 Eo
697 695 771 761 ieoi.

213 823 334 887 Heaut.
361 821 425 888 527
451 839 513 906 sq.:
540 826 577 886 at
598 819 693 905 quasi
716 820 746 886 is
768 839 834 886 nou
857 819 950 886 ditiis

360 929 518 1009 Abundat,
544 933 665 1010 gnatus
689 927 761 994 eius
784 925 932 1010 profugit
953 925 1075 1008 inopia.

214 1054 295 1120 Heo.
325 1055 390 1120 683
422 1071 487 1138 sq.:
533 1053 720 1139 Aliquando
759 1056 893 1120 tandem
930 1054 994 1120 huo
1024 1053 1166 1120 animum
1201 1058 1239 1120 ut

864 1164 1024 1246 odiuapas
1046 1167 1146 1244 tuom,

362 1269 466 1353 Quam
489 1268 622 1352 longum
647 1269 790 1351 spatium
815 1323 821 1336 .
846 1321 853 1335 .
881 1322 887 1336 .
914 1321 920 1335 .
946 1268 1007 1335 tibi
1028 1268 1117 1334 dedii

214 1378 307 1443 Haeo
330 1376 479 1458 exeurpla
502 1378 740 1460 demonstrant,
764 1363 831 1443 hoo
847 1395 979 1462 quoque
1004 1376 1076 1443 loeo

214 1484 264 1550 Pl.
288 1485 375 1550 Men.
401 1485 504 1551 10572
528 1484 791 1551 Praeouourristi
808 1483 947 1568 obviam,
972 1491 1010 1550 ut
1025 1504 1110 1570 quae
1128 1483 1240 1550 fecisti

940 1591 1066 1659 infitias
1086 1614 1149 1676 eas,

172 1705 302 1784 poetam
337 1720 402 1766 nou
437 1704 542 1772 metro
578 1705 727 1767 ooaotum
766 1716 925 1782 praeseus
963 1700 1162 1783 adhibuisse,
1201 1704 1240 1765 ut

169 1808 303 1876 Brixius
326 1809 369 1875 ad
400 1809 487 1874 huno
508 1826 640 1875 versum
664 1807 910 1890 animadvertit,
936 1809 994 1874 sed
1016 1808 1059 1874 ab
1088 1825 1150 1874 usu
1173 1827 1240 1873 non

170 1916 364 1982 discessisse
389 1934 472 1999 eum,
497 1915 575 2000 quia
598 1914 685 1981 aetio
710 1913 876 1981 infitiandi
898 1933 985 1982 nuno
1007 1915 1053 1986 fit.

259 2044 345 2110 Sunt
375 2040 440 2108 looi
470 2040 588 2125 quibus
616 2041 767 2124 Plautus,
798 2040 854 2126 qui
883 2041 1042 2108 sermonis
1075 2041 1241 2134 oonoinni-

172 2154 277 2216 tatem
299 2168 366 2214 non
389 2152 493 2232 petat,
524 2147 559 2214 in
582 2148 766 2215 enuntiatis
789 2149 831 2215 ab
856 2149 960 2215 eodem
982 2151 1073 2216 uerbo
1097 2153 1241 2233 penden-

171 2257 260 2322 tibus
276 2258 371 2324 modo
388 2259 430 2323 ad
441 2256 539 2324 huius
553 2256 646 2325 verbi
662 2255 879 2340 praeteritum
896 2260 1025 2339 tempus
1041 2258 1241 2325 sententiam

171 2383 333 2432 revooans
366 2364 591 2448 imperfectum
626 2361 739 2448 ponat,
778 2365 875 2430 modo
909 2365 951 2430 ad
984 2384 1144 2448 praesens
1178 2386 1241 2452 quo

174 2472 341 2539 sententia
363 2474 456 2539 valet
479 2478 634 2555 spectans
656 2471 825 2556 praesenti
847 2477 978 2538 utatur:

216 2597 335 2664 Bacch.
355 2599 421 2666 352
436 2615 499 2683 sq.:
518 2598 572 2664 Ita
584 2597 659 2681 feei,
672 2603 710 2665 ut
722 2597 794 2664 auri
807 2601 967 2683 quantum
983 2598 1086 2665 vellet
1097 2604 1240 2681 nancaei,

355 2705 521 2788 Quantum
537 2709 648 2776 autem
664 2704 780 2771 lubeat
797 2706 934 2771 reddere
955 2709 993 2772 ut
1011 2706 1125 2770 reddat
1142 2706 1239 2789 patri.

217 2827 336 2892 Baooh.
349 2829 413 2894 689
426 2846 471 2913 sq.
483 2850 489 2893 :
503 2830 587 2895 Mn:
601 2829 673 2912 Ego
690 2835 817 2912 patrem
834 2829 969 2898 exoravi
995 2883 1001 2898 .
1027 2882 1033 2897 .
1061 2884 1067 2898 .

603 2936 693 3003 Cha:
707 2937 831 3020 Nempe
843 2956 921 3021 ergo
932 2938 1040 3004 hoaut
1049 2938 1180 3020 taceret.
1191 2940 1241 3005 ..P

500 3043 583 3109 Mn:
603 3044 706 3110 Immo
742 3044 803 3110 tibi
842 3063 884 3111 ne
921 3050 1033 3111 noceat
1069 3065 1133 3113 ueu
1165 3098 1171 3112 .
1198 3097 1204 3112 .
1232 3098 1238 3112 .

926 3159 1114 3219 succenseat.
1129 3154 1151 3240 ¹)

193 3365 213 3434 ¹)
246 3365 275 3420 C.
310 3365 400 3419 Rothe
432 3364 460 3434 (1.
494 3383 515 3419 e.
540 3382 566 3434 p.
593 3365 619 3435 5)
653 3367 785 3432 ,alterum
818 3367 967 3422 membrum
987 3370 1043 3425 .‘.ue
1074 3365 1179 3422 nooeat'

242 3472 291 3523 por
314 3472 343 3508 se
367 3458 458 3508 stara“
482 3455 626 3510 contendit
649 3456 762 3525 eiusque
780 3458 820 3511 rei
839 3456 964 3526 exempla
988 3458 1068 3511 affort
1092 3473 1161 3525 quae
1180 3472 1240 3509 euru

242 3544 293 3598 hoo
316 3544 376 3599 loeo
399 3563 453 3600 non
476 3546 558 3615 plane
584 3549 747 3613 congruunt.
783 3547 817 3602 Iu
846 3547 945 3615 quibus
974 3548 1055 3602 altori
1086 3547 1240 3600 sententiae

243 3635 323 3696 plana
347 3635 541 3704 pronuntiatae
564 3636 652 3689 altere
675 3635 836 3704 adiungitur
859 3636 948 3690 forma
970 3637 1086 3690 mutata.
1128 3637 1167 3691 At
1189 3636 1240 3689 hoo

242 3723 300 3777 loeo
329 3725 502 3779 enuntiatum
534 3742 585 3790 „na
617 3727 732 3779 noooat“
761 3725 929 3780 sententiam
963 3728 1086 3795 „patum
1114 3724 1241 3779 exoravi“

243 3813 359 3881 supplet.
396 3815 436 3868 Ea
458 3812 488 3868 in
511 3831 540 3867 ra
563 3814 681 3868 maxime
704 3831 765 3868 asso
791 3817 1004 3869 consentaneum
1030 3815 1099 3869 mihi
1124 3814 1241 3881 videtur,

243 3901 388 3955 secundam
412 3907 518 3973 partam
543 3903 628 3974 priori
648 3920 708 3957 ossa
727 3904 965 3970 accommodatam,
992 3906 1153 3973 praesertim
1179 3921 1240 3958 cum

189 4006 192 4015 ¹
240 3990 334 4045 eadem
347 3991 396 4046 illa
415 4007 477 4060 para
497 3993 594 4047 falsam
613 3994 684 4048 serui
706 3993 860 4063 opinionem
873 3993 997 4062 repellat,
1018 3993 1089 4062 quod
1108 3995 1241 4048 acerrimo

241 4079 273 4132 fit
298 4079 391 4133 eadem
414 4098 467 4150 qua
494 4081 643 4150 Chrysalus
670 4081 762 4137 utitur
791 4084 930 4137 enuntiati
959 4083 1128 4137 formatione.
1167 4081 1241 4148 Quae

242 4169 314 4222 ratio
334 4172 539 4225 commendatur
558 4172 645 4226 Stich.
665 4189 704 4227 vv,
725 4173 804 4225 253-
816 4173 875 4226 255.
