2940 4778
722 255 764 321 23

256 450 485 534 „Repperisti“
510 450 649 535 aequale
670 456 723 514 est
747 449 931 532 ,‚optines“.

255 559 328 623 Ter.
353 558 483 624 Phorm.
508 559 589 623 522:
614 556 758 638 Repperi
780 557 836 641 qui
859 557 909 622 del
932 577 1038 641 noque
1062 558 1221 623 lacrumel.

210 664 422 752 [Quibuscum
446 663 605 746 exemplis
627 663 682 748 qui
707 663 950 747 comparaverit
971 664 1057 730 hunc
1081 664 1186 731 locum

253 774 349 838 Most.
369 773 434 839 715
451 791 515 856 sp:
541 772 614 837 Hoc
636 771 754 837 habet:
776 771 905 853 repperi
924 771 980 856 qui
997 790 1108 836 senem
1123 773 1275 855 ducerem,

541 880 611 962 Quo
629 878 703 945 dolo
721 898 742 944 a
758 898 808 944 me
824 878 969 944 dolorem
985 878 1098 960 procul
1115 879 1275 961 pellerem.

208 987 240 1052 ei
263 986 379 1053 mirum
402 985 467 1051 erit
496 988 581 1067 quod
611 985 796 1068 imperfecti
829 984 1058 1052 coniunctivus
1087 985 1272 1052 adhibetur.

208 1095 303 1168 Quod
336 1100 465 1175 tempus
495 1098 584 1160 recte
617 1093 774 1159 Rothium
811 1093 1008 1175 explanasse
1039 1094 1082 1179 (p.
1113 1096 1168 1181 10)
1198 1095 1277 1160 milri

208 1220 401 1283 persuasum
435 1205 497 1266 est.
560 1201 683 1268 Servus
714 1199 801 1266 enim
833 1200 1033 1285 aliquamdiu
1067 1206 1143 1284 post
1174 1203 1277 1269 verba

209 1307 440 1375 antecedentia
471 1307 643 1391 meditare,
674 1307 752 1393 ouria
782 1310 825 1374 ad
854 1309 951 1374 finem
982 1308 1112 1375 consilii
1135 1309 1273 1376 veniens

210 1434 244 1481 se
261 1436 301 1481 ea
316 1435 400 1500 quae
417 1415 528 1496 cupiat
547 1420 774 1482 assecuturum
791 1434 864 1480 esse
881 1414 1048 1498 intellegit
1063 1415 1112 1481 ita
1128 1416 1274 1500 loquitur

209 1522 304 1607 quasi
328 1523 422 1590 dolus
445 1542 481 1588 re
505 1542 585 1590 vera
608 1520 673 1589 iam
697 1524 781 1588 bene
805 1521 962 1590 evenerit.
1011 1524 1106 1607 Quod
1129 1522 1178 1589 ita
1201 1543 1275 1590 esse

208 1630 346 1696 maxime
378 1630 544 1698 indicatur
573 1630 633 1696 illa
663 1629 808 1696 dictione
840 1630 922 1713 „hoo
951 1630 1084 1714 habet“,
1116 1651 1200 1716 quae
1232 1633 1275 1698 ad
1386 1627 1388 1631 ’

206 1738 418 1820 praeteritam
443 1743 573 1804 tantum
589 1737 752 1804 actionem
769 1737 886 1804 referri
903 1743 1021 1820 potest.
1029 1740 1052 1825 ¹)
1087 1739 1275 1805 Perfectum

204 1844 306 1929 igitur
337 1846 508 1930 „repperi⁴‘
541 1855 593 1911 est
624 1844 806 1927 perfectum
837 1844 1043 1928 historicum,
1078 1865 1144 1912 non
1177 1866 1272 1928 prae-

206 1953 385 2041 sentiarum]

249 2133 340 2198 Pers.
358 2133 424 2198 325
441 2151 526 2217 squ:
551 2132 634 2197 Nam
650 2131 716 2198 iam
732 2130 858 2199 omneis
875 2131 1111 2215 sycophantias
1132 2133 1271 2198 lustrari

942 2246 977 2304 et
1000 2241 1182 2322 conparavi,

441 2347 513 2431 Quo
529 2353 626 2429 pacto
644 2349 685 2413 ab
700 2347 819 2414 lenone
836 2347 986 2428 auferam
1009 2347 1069 2414 hoo
1086 2354 1270 2431 argentum,

438 2453 485 2519 Et
507 2453 625 2520 mulier
646 2459 685 2520 ut
706 2455 748 2520 sit
770 2454 876 2520 libera
900 2458 999 2538 atque
1022 2452 1093 2535 ipse
1117 2455 1204 2521 ultro
1222 2456 1272 2520 del

1044 2567 1225 2644 argentum.

203 2668 1270 2754 Perfecta„instruxietconparavi‘idemsuntatque„promptae

205 2773 283 2838 mihi
307 2777 413 2839 sunt“

292 2880 360 2946 Mil.
385 2881 428 2964 gl.
455 2884 557 2949 1269:
589 2884 714 2948 Reduxi
742 2883 777 2948 in
807 2883 950 2950 animum
980 2903 1022 2950 ue
1051 2886 1169 2950 oderim
1192 2884 1269 2951 item

1031 2999 1069 3057 ut
1085 2991 1179 3059 alias,

292 3095 431 3178 „Induxi
446 3095 481 3162 in
497 3097 660 3163 animum“
677 3098 777 3166 facile
789 3098 971 3166 mutaveris
987 3119 1059 3165 eum
1076 3100 1269 3182 ,consilium

200 3201 278 3268 mihi
302 3207 386 3268 est.“

244 3311 284 3376 In
308 3309 459 3378 versibus
483 3312 551 3378 Mil.
572 3314 616 3396 gl.
642 3316 724 3381 867:

358 3419 455 3486 Modo
479 3420 621 3486 intellexi
642 3441 740 3504 quam
763 3441 839 3493 rem,
856 3421 973 3488 mulier
992 3424 1127 3506 passerit.

243 3524 334 3592 Asin.
352 3526 410 3593 35:
435 3527 532 3593 Modo
546 3527 601 3611 pol
617 3531 753 3612 percepi,
772 3528 908 3612 Libane,
930 3529 1008 3611 quid
1023 3528 1110 3596 istuc
1129 3532 1169 3594 sil
1188 3530 1261 3596 loci.

201 3631 395 3700 obversatur
418 3635 584 3703 sententia
609 3656 717 3721 „nuno
734 3637 823 3704 scio“
842 3635 912 3704 sive
929 3636 1016 3720 „iam
1033 3641 1152 3703 11111110ιζ
1171 3636 1264 3703 cuius

199 3737 484 3823 interpretationis
507 3752 700 3828 argumento
725 3752 778 3811 est
799 3747 899 3812 Poen.
927 3747 1008 3812 768:

358 3848 423 3915 iam
445 3856 553 3936 teneo,
577 3853 655 3935 quid
675 3853 739 3933 sit:
765 3853 917 3935 perspexi
941 3854 1045 3920 modo.

235 4045 255 4107 ¹)
283 4043 338 4099 cfr.
357 4046 439 4113 locos,
458 4064 525 4116 quos
544 4048 691 4103 Lorenziua
711 4049 745 4102 ad
765 4050 847 4104 Most,
867 4050 918 4103 715
938 4049 1059 4117 collegit.
1118 4038 1120 4044 ’

233 4133 254 4197 ⁹)
281 4131 337 4188 cfr.
356 4133 440 4190 Andr.
458 4137 511 4192 603
532 4140 561 4191 et
579 4137 712 4192 Rothium
729 4154 756 4207 p.
777 4139 818 4192 10.
