2940 4778
736 310 779 376 33

252 497 257 503 ’
291 505 373 570 Post
395 522 553 587 praesens
569 503 759 571 historicum
776 524 847 571 curn
864 504 1029 587 particula
1050 506 1167 588 „dum“
1192 525 1269 572 con-

203 610 349 677 iunctum
392 612 568 679 Terentius
607 612 742 680 adhibet
780 611 964 696 imperfecti
1006 612 1267 681 coniunctivnm:

202 720 324 787 Heaut.
348 721 412 786 491
439 737 503 801 sq.:

309 827 463 893 Somnum
479 825 588 894 hercle
612 845 673 908 ego
689 826 752 892 hac
767 831 864 892 nocte
881 824 987 893 oculis
1002 845 1067 892 non
1092 825 1160 893 vidi
1175 826 1267 911 meis

308 934 394 999 Dum
416 932 450 1000 id
474 952 606 1016 quaero,
632 932 692 999 tibi
717 933 773 1015 qni
796 934 898 1000 filium
921 932 1140 1000 restituerem.

245 1041 383 1124 Adelph.
409 1043 491 1109 868:
516 1040 592 1107 heia
621 1046 741 1124 autem,
773 1042 849 1108 dum
873 1042 988 1108 studeo
1019 1041 1088 1107 illis
1110 1046 1268 1123 utquam

1007 1147 1181 1231 plurimum

513 1257 682 1340 Facerem,
708 1255 850 1323 contrivi
861 1307 947 1323 .....

698 1525 770 1609 §a

271 1687 330 1753 'In
369 1685 553 1753 enuntiatis
592 1687 796 1753 secundariis
834 1707 906 1754 cum
944 1687 1152 1756 coniunctivo
1192 1707 1269 1754 con-

202 1795 368 1863 struendis
391 1814 475 1877 qnae
499 1813 571 1861 cnm
594 1793 851 1860 irrealibus
882 1795 1058 1860 sententiis
1082 1796 1124 1861 ad
1147 1815 1269 1878 prae-

202 1922 306 1970 sens
328 1908 502 1985 tempus
525 1901 768 1984 pertinentibus
784 1901 970 1984 cohaerent,
996 1901 1269 1984 imperfecto

201 2016 339 2096 regente
357 2009 541 2093 imperfecti
558 2009 787 2077 coniunctivus
798 2009 940 2093 ponitur,
965 2009 1048 2075 nisi
1072 2010 1270 2076 actiones

201 2138 344 2187 eorum
367 2138 410 2185 re
433 2136 537 2185 vera
560 2117 661 2183 fieri
685 2117 913 2200 cogitatur.

245 2226 295 2293 Pl.
320 2226 413 2292 Asin.
438 2228 504 2293 674
529 2244 590 2307 sq.:
617 2225 646 2290 si
668 2224 730 2291 hoc
752 2244 858 2291 meum
882 2231 980 2307 esset,
1005 2225 1102 2292 hodie

440 2333 623 2415 Numquam
647 2353 697 2399 me
721 2350 835 2399 orares
858 2332 936 2415 quin
960 2335 1078 2400 daran.
1182 2329 1186 2339 '

308 2440 428 2508 Bacch.
454 2442 519 2507 554
544 2458 607 2522 sq.:
637 2442 720 2507 Nam
744 2440 779 2506 ni
803 2442 854 2507 ita
877 2445 978 2523 esset,
1011 2445 1119 2507 tecum
1142 2459 1269 2507 orarem

737 2552 776 2614 ut
799 2548 831 2614 ei
855 2549 940 2631 qnod
963 2563 1079 2631 posses
1101 2547 1179 2614 mali

637 2655 763 2722 Facere
786 2655 916 2738 faceres.
1271 2699 1273 2703 -

248 2763 321 2830 Ter.
345 2763 448 2828 Andr.
473 2764 558 2830 606:
588 2762 723 2829 Utinam
747 2762 826 2828 mihi
850 2767 940 2829 esset
962 2762 1087 2845 aliquid
1109 2763 1172 2846 hic,
1206 2782 1268 2845 qno

687 2888 774 2936 nunc
797 2889 848 2935 me
871 2869 1085 2953 praecipitem
1108 2871 1225 2937 dormo.

307 2978 393 3045 Eun.
417 2980 459 3044 91
486 2996 571 3060 sqq.:
596 2977 723 3044 utinam
748 2981 838 3044 esset
860 2976 939 3043 mihi

356 3128 358 3132 »
414 3087 499 3152 Pars
523 3103 629 3167 aequo
653 3084 775 3152 amoris
798 3091 905 3152 tecum
930 3106 969 3152 ac
992 3084 1118 3167 pariter
1140 3086 1244 3167 fieret,

414 3193 461 3258 Ut
484 3198 544 3259 ant
566 3193 629 3258 hoc
651 3192 713 3258 tibi
735 3193 851 3259 doleret
874 3193 988 3260 itidem
1015 3198 1053 3259 ut
1076 3192 1155 3275 mihi
1178 3193 1269 3260 dolet

413 3300 482 3366 Aut
505 3319 566 3382 ego
587 3299 674 3366 istnc
698 3301 757 3366 abs
776 3305 810 3366 te
829 3300 954 3367 iactum
972 3299 1067 3366 nihili
1079 3301 1270 3382 penderem!

306 3407 386 3473 Hec.
414 3409 477 3474 756
503 3425 564 3489 sq.:
590 3407 735 3490 Faciam,
770 3409 856 3490 quod
878 3407 942 3490 pol,
973 3407 1001 3472 si
1025 3412 1115 3474 esset
1138 3406 1206 3474 alia
1229 3425 1270 3471 ex

567 3515 629 3582 hoc
653 3519 804 3599 quaestu,
828 3516 917 3582 haud
939 3514 1075 3598 faceret,
1101 3514 1178 3598 scio,

413 3623 461 3688 Ut
483 3623 522 3689 de
544 3621 605 3688 tali
625 3641 727 3689 causa
742 3629 866 3706 nuptae
889 3621 1019 3691 mulieri
1036 3640 1071 3689 se
1087 3622 1267 3689 ostenderet.

246 3729 285 3795 In
311 3729 462 3798 versibus
485 3734 596 3796 autern
618 3731 737 3797 Pseud.
763 3733 783 3798 3
808 3749 893 3812 sqq.:

363 3837 398 3904 si
422 3857 463 3903 ex
486 3841 520 3902 te
543 3841 677 3904 tacente
700 3837 773 3903 fieri
789 3858 915 3920 possem
939 3836 1070 3920 certior,

359 3945 436 4029 Ere,
461 3965 545 4029 qnae
569 3944 721 4011 miseriae
745 3950 779 4010 te
803 3950 871 4011 tam
895 3943 1012 4009 misere
1035 3947 1202 4025 macerent,

361 4052 506 4118 Duorum
531 4052 638 4119 labori
662 4071 722 4135 ego
751 4052 916 4118 hominum
940 4051 1118 4134 parsissem
1141 4050 1267 4117 lubens

199 4158 387 4240 praesentis
418 4158 649 4227 coniunctivus
678 4163 872 4241 usurpatur,
904 4159 981 4240 quia
1012 4176 1127 4226 servus
1158 4177 1268 4226 veram

1161 4312 1178 4368 3
