2940 4778
726 286 770 350 44

212 484 285 548 Non
309 482 352 548 ad
374 481 466 547 verbi
490 480 638 564 regentis
661 485 800 562 tempus
825 481 883 546 sed
907 480 950 546 ad
972 479 1045 545 eius
1060 478 1116 560 qui
1131 477 1278 560 loquitur

212 587 291 670 quia
307 588 474 655 sententia
490 586 687 654 secundaria
701 587 870 668 praesenti
886 606 1015 672 quoque
1028 591 1173 668 tempore
1185 585 1278 652 valet

212 701 388 764 revocatur
410 695 618 761 enuntiatum
642 694 885 761 secundarium:

256 804 376 870 Bacch.
401 804 482 870 856:
508 801 617 867 Dixin
633 801 694 867 tibi
709 821 771 885 ego
787 801 880 867 illum
895 805 930 866 te
945 800 1154 867 inventurum
1170 799 1280 881 qualis

1121 907 1190 974 sit?

257 1020 357 1085 llere.
383 1020 466 1084 422:
491 1015 589 1082 Dixit
611 1034 647 1082 sc
669 1015 851 1096 redhibere,
878 1015 906 1081 si
929 1034 994 1082 non
1011 1015 1149 1097 placcat.

257 1125 403 1193 Offendit
424 1121 538 1192 autem
560 1122 790 1190 coniunctivus
812 1123 952 1206 perfecti

323 1233 418 1316 Epid.
444 1235 510 1298 414
534 1250 622 1314 squ:
648 1232 697 1297 Te
719 1251 779 1312 pro
802 1229 870 1297 filio

425 1341 605 1406 Factmum
628 1339 712 1404 clici
733 1357 802 1404 rem
825 1356 899 1404 esse
923 1336 1068 1404 divinam
1090 1336 1187 1420 dorni,

425 1446 512 1531 Quia
534 1444 657 1512 Thebis
680 1445 793 1512 salvos
814 1445 952 1510 redierit.

211 1555 267 1620 ubi
280 1552 632 1636 plusquamperfectum
645 1551 1075 1635 ‚,rediisset“exspectatur.
1101 1554 1278 1619 Numerum

212 1681 330 1729 versus
359 1661 591 1743 respicientem
619 1660 776 1726 Plautum
805 1659 955 1742 posuisse
978 1658 1116 1743 perfecti
1139 1660 1277 1726 formam

211 1787 339 1836 censeo.
376 1769 552 1835 Sedtamen
574 1768 638 1835 hac
661 1785 763 1834 causa
784 1767 835 1833 ita
859 1772 987 1833 tantum
1010 1767 1135 1834 moveri
1157 1768 1277 1852 potnit,

212 1876 240 1941 si
257 1896 298 1942 ex
320 1874 466 1959 perfecto
482 1881 518 1942 et
532 1873 851 1958 plusquamperfecto
867 1874 951 1941 illud
971 1874 1094 1958 eligere
1109 1894 1169 1958 per
1183 1894 1278 1942 usum

210 1982 342 2064 licebat,
365 1982 518 2063 quoniam
535 1982 714 2066 ‚,re‹liiset“
735 2001 862 2065 qnoque
885 1981 991 2048 forma
1012 1986 1116 2048 metro
1139 2001 1276 2065 respon-

211 2090 320 2156 debat.
374 2091 492 2171 ltaque
524 2088 707 2173 perlectum
737 2089 964 2172 explicandum
995 2107 1068 2156 esse
1104 2091 1200 2156 credo
1235 2110 1277 2157 ea

210 2196 341 2263 ratione
364 2216 461 2278 quam
484 2197 641 2279 proposui
664 2196 699 2262 in
722 2198 741 2282 ἕ
765 2199 794 2263 5.
804 2198 827 2284 ¹)

299 2303 344 2371 0.
389 2305 442 2371 Ea
471 2304 646 2371 enuntiata
676 2304 871 2371 secundaria
894 2303 1138 2372 coniunctivnm
1160 2310 1236 2388 post
1259 2344 1274 2355 -

210 2412 327 2495 lautia,
351 2412 494 2493 quaeab
516 2410 766 2478 infinitivo
790 2411 992 2493 perfecti
1010 2431 1170 2496 suspensa
1185 2418 1273 2496 sunt,

209 2520 245 2584 in
268 2520 331 2585 dno
356 2538 479 2602 genera
504 2524 582 2585 sunt
604 2518 846 2585 distribuenda:
872 2519 1015 2586 aliaest
1045 2518 1277 2587 convenientia

211 2632 401 2709 temporum,
427 2624 454 2690 si
478 2625 722 2708 praesenti
745 2626 819 2692 vel
842 2625 999 2693 futuro
1021 2627 1150 2710 regitur
1167 2626 1276 2693 infini-

210 2734 300 2800 tivus
322 2732 471 2815 perfecti,
496 2732 575 2816 alia,
600 2732 629 2799 si
659 2733 752 2799 verbi
782 2733 929 2817 regentis
957 2733 1045 2800 actio
1076 2741 1129 2801 est
1152 2754 1276 2817 prae-

210 2841 348 2907 teriti
371 2840 537 2923 temporis.

296 2950 322 3015 Ι.
360 2947 525 3015 Praesenti
545 2949 594 3015 vel
615 2950 727 3032 futuro
748 2953 873 3034 reperte
893 2948 929 3014 in
952 2949 1135 3016 enuntiatis
1158 2969 1274 3018 secun-

209 3054 313 3121 dariis
334 3055 498 3122 infinitivo
515 3054 654 3139 perfecti
671 3055 829 3124 subiectis
845 3077 886 3123 ea
902 3062 1050 3140 tempora
1065 3059 1272 3143 adhibentur,

210 3181 294 3244 quae
325 3162 462 3229 etiam
490 3169 621 3230 recta
650 3164 867 3231 oratione
889 3168 1100 3254 ponuntnr.²)

298 3294 330 3336 α.
361 3271 441 3337 Cum
464 3269 627 3337 infinitivo
651 3271 791 3354 perfecti
820 3271 1039 3340 historici
1063 3273 1275 3358 coniungitur

596 3380 624 3444 l.
658 3397 888 3460 praesens,

253 3483 302 3550 Pl.
326 3483 437 3552 Aulul.
464 3488 543 3554 743:
568 3488 615 3552 At
637 3505 698 3570 ego
721 3487 802 3552 deos
824 3488 920 3554 credo
944 3487 1100 3571 voluisse,
1125 3494 1164 3554 ut
1182 3490 1271 3572 apud

777 3613 828 3661 me
852 3600 886 3661 te
909 3595 943 3661 in
966 3614 1067 3663 neruo
1091 3581 1217 3663 enicem

297 3699 461 3766 Praesens
483 3699 545 3766 hoc
567 3698 640 3767 loco
657 3699 885 3783 explicandum
901 3709 954 3770 est
969 3703 1082 3770 eodem
1098 3705 1192 3772 modo
1209 3723 1273 3787 qno

209 3805 243 3871 in
266 3807 285 3891 ξ
308 3808 339 3873 3.

246 3970 266 4035 ¹)
295 3968 378 4021 lietri
396 3971 590 4023 necessitatem
607 3969 695 4025 fluisse
711 3970 832 4026 arbitror
849 3987 960 4026 cansam
977 3972 1096 4040 perfecti
1120 3988 1171 4043 pro
1194 3974 1270 4043 plus·

297 4057 499 4126 quamperfocto
516 4059 603 4127 positi
622 4058 682 4113 Ter.
702 4059 803 4114 licant.
821 4060 874 4113 am
893 4076 947 4129 sq.;
965 4061 1007 4115 Pl.
1026 4060 1110 4116 llere.
1128 4061 1173 4118 61.

244 4144 265 4197 ’l
294 4144 349 4200 cfr.
369 4145 504 4212 Knohncr,
521 4147 558 4211 11,
576 4146 593 4215 ἕ
614 4146 672 4212 181,
691 4150 716 4213 5,
734 4163 796 4216 pag.
817 4147 877 4201 283.
