2910 4786
748 303 790 367 42

471 498 551 563 Gum
574 502 670 578 pater
693 515 826 562 uxorem
850 502 888 561 ut
910 497 1006 561 docet
1029 515 1124 562 orare
1148 496 1277 579 occipit.

419 642 420 645 =
471 603 563 670 Conf.
588 605 668 670 Hec.
696 607 759 670 126
784 623 830 688 sq.

324 711 445 793 Heaut,
459 713 524 778 304
538 729 586 795 sq.
598 732 604 776 :
630 710 694 777 Ubi
713 710 851 776 dicimus
869 710 994 777 redisse
1007 716 1041 776 te
1053 716 1088 776 et
1099 729 1217 793 rogare
1230 710 1280 776 uti

635 817 759 883 Veniret
783 819 825 883 ad
850 823 892 900 te,
919 869 1005 883 .....

301 951 351 1018 Β.
387 952 513 1018 Eadem
543 950 673 1017 ratione
704 956 831 1033 tempus
855 951 1041 1017 sententiae
1066 950 1280 1018 secundariae

215 1077 299 1142 quae
323 1055 366 1124 fu
378 1058 470 1125 turi
500 1057 747 1125 infinitivo
771 1058 897 1142 regitur
913 1061 956 1125 ad
971 1057 1062 1126 verbi
1078 1040 1282 1126 infinitivum

213 1165 360 1248 regentis
383 1172 511 1248 tempus
534 1168 808 1232 accommodatur.

302 1271 412 1359 Atque
436 1272 470 1337 in
493 1271 536 1338 iis
565 1271 749 1338 enuntiatis
779 1272 968 1355 compositis
997 1293 1133 1358 quorum
1158 1280 1192 1338 et
1214 1273 1281 1355 pri-

202 1377 336 1445 mariae
353 1384 388 1445 et
404 1379 618 1446 secundariae
635 1380 821 1446 sententiae
837 1381 871 1445 in
881 1386 979 1468 *recta
1002 1379 1153 1446 oratione
1177 1381 1280 1447 futuri

213 1485 429 1553 indicativum
447 1487 580 1570 habent,
606 1486 642 1552 si
657 1486 707 1553 ita
723 1488 867 1569 pendent
882 1493 919 1553 ut
935 1487 1092 1569 primaria
1108 1487 1283 1553 enuntiata

215 1592 390 1660 infinitivis
406 1593 474 1659 sint
493 1594 713 1677 exprimenda,
738 1593 772 1660 in
788 1594 972 1660 enuntiatis
988 1592 1192 1661 secundariis
1208 1599 1284 1677 post

213 1720 371 1784 praesens
393 1701 485 1768 verbi
508 1701 655 1784 regentis
687 1722 746 1784 pro
778 1702 889 1769 futuro
919 1702 1022 1784 primo
1055 1701 1284 1769 coniunctiuus

170 1888 172 1890 =
213 1809 407 1891 praesentis,
432 1829 489 1891 pro
514 1807 624 1875 futuro
650 1810 791 1876 secundo
816 1809 1045 1876 coniunctivus
1063 1808 1202 1892 perlecti
1225 1810 1282 1875 ad-

214 1914 354 1999 hibetur,
378 1921 454 1998 post
478 1915 694 1998 praeteritum
718 1921 828 1982 autem
852 1914 1081 1983 coniunctiuus
1096 1915 1282 1998 imperfecti

215 2028 250 2088 et
272 2022 593 2108 plusquamperfeoti.

304 2176 333 2215 α.
370 2147 559 2215 Infinitivus
583 2150 704 2230 pendet
728 2168 748 2213 a
771 2148 1021 2230 praesenti.
1138 2202 1141 2205 Α

183 2303 185 2307 <
262 2274 312 2339 Pl.
336 2272 406 2338 Mil.
431 2273 474 2356 gl.
502 2275 588 2338 1414
613 2291 677 2358 sq.:

326 2381 401 2445 Iuro
423 2399 482 2462 per
500 2381 612 2446 Iovem
633 2385 667 2445 et
681 2381 876 2464 Mauortem,
894 2400 944 2446 me
959 2379 1144 2446 nociturum
1160 2379 1283 2447 nemini

326 2488 421 2571 Quod
444 2505 505 2569 ego
529 2486 582 2552 hic
605 2485 701 2552 hodie
723 2487 914 2568 copularint.

259 2650 262 2655 ,
326 2593 419 2658 Asin.
444 2595 508 2660 528
534 2611 599 2678 sm:
625 2595 677 2658 An
694 2598 727 2659 te
744 2593 777 2659 id
793 2599 986 2674 exspectare
1003 2600 1143 2676 oportet,
1165 2594 1283 2680 siquis

936 2699 1110 2782 promittat
1133 2700 1193 2766 tibi

326 2808 373 2874 Te
398 2805 561 2873 facturum
585 2806 721 2875 divitem
746 2807 773 2872 si
796 2808 951 2872 moriatur
974 2793 1081 2874 mater
1104 2811 1192 2875 sua?

213 2933 352 2999 Versum
376 2932 516 2998 alterum
539 2932 574 2998 in
589 2931 693 3016 libris,
724 2931 893 3018 inquibus
917 2932 1094 3016 „moritun‘
1129 2939 1190 3017 est,
1214 2954 1282 3002 una

215 3039 345 3122 syllaba
374 3044 541 3106 carentem
571 3041 620 3106 ed.
652 3039 776 3107 Aldina
805 3040 1031 3107 additamento
1065 3044 1181 3124 ,‚esse“
1205 3048 1280 3124 post
1319 3029 1321 3032 ’

216 3146 393 3230 ‚,divitem“
429 3147 568 3229 supplet.
622 3148 697 3232 Qua
723 3146 854 3214 facilior
884 3153 919 3213 et
951 3147 1051 3214 etiam
1082 3148 1279 3231 necessaria,

215 3254 292 3339 quia
320 3272 499 3336 pronomen
526 3254 717 3321 reflexivum
749 3258 851 3338 „sua“
885 3254 1083 3321 sententiam
1116 3255 1281 3338 significat

216 3360 354 3427 subiecti
384 3361 549 3427 enuntiati
578 3361 725 3445 regentis
754 3362 892 3444 ideoque
924 3361 1156 3430 coniunctivus
1186 3382 1282 3430 usur-

214 3469 341 3550 pandus
371 3474 453 3551 erat,
484 3468 543 3534 illa
574 3468 759 3535 emendatio
784 3475 836 3535 est
859 3469 1008 3552 Pyladis
1040 3488 1135 3554 quem
1166 3489 1281 3537 recen.-

216 3575 318 3641 tiores
337 3574 481 3648 editores
506 3577 611 3642 secuti
638 3582 724 3642 sunt.

259 3702 351 3768 Asin.
377 3704 460 3769 612:
490 3703 574 3768 Nam
602 3702 679 3788 quid
709 3720 759 3768 me
788 3702 951 3768 facturam
982 3707 1099 3790 putee,
1132 3702 1160 3766 si
1194 3701 1282 3770 istuc

866 3810 953 3895 quod
975 3808 1058 3874 diois
1080 3808 1191 3875 faxis?
1228 3863 1231 3867 ,

261 3918 334 3982 Ter.
358 3917 439 3982 Hoc.
464 3919 528 3983 398
554 3935 619 4001 sq.:
647 3916 713 3983 scio
738 3916 859 3984 nemini
877 3916 976 3982 aliter
993 3922 1180 3998 suspectum
1197 3915 1279 4000 lore,

376 4024 470 4108 Quin,
495 4026 580 4110 quod
604 4022 674 4090 veri
691 4023 839 4107 similest,
858 4043 899 4089 ex
916 4030 949 4090 te
970 4028 1060 4090 recte
1077 4043 1150 4089 eum
1166 4028 1280 4089 natum
1320 4071 1323 4075 .

1063 4136 1189 4213 putent.
