2940 4778
696 290 752 355 ,22

200 481 307 548 tentia
321 501 405 567 quae
418 484 567 565 postulat
582 483 825 551 coniunctivum
845 483 1048 566 secundarie,
1074 483 1102 549 si
1115 481 1176 549 tali
1190 501 1266 566 per-

199 588 287 656 fecto
322 588 470 656 subiecta
506 596 567 673 est,
603 593 645 658 ed
680 596 888 681 praesentem
919 596 1076 660 revocata
1111 596 1267 657 eventum

201 694 442 764 coniuncturum
465 697 652 779 praesentis
675 705 710 764 st
732 698 871 780 perfecti
895 697 1052 764 eontinet.

289 806 381 888 Quae
405 810 554 887 tempora
578 823 741 888 semper
763 805 976 873 inveniuntur
1007 806 1094 887 apud
1117 804 1268 887 perfecte

201 912 313 992 „noud‘
338 915 373 977 et
397 912 579 995 „meneiui“,
609 932 694 997 quae
721 912 943 995 praesentium
968 916 1089 996 „notus
1113 911 1171 998 (-a‚
1197 913 1265 998 um)

199 1018 277 1085 mihi
301 1022 373 1084 est“
398 1025 434 1086 et
457 1019 635 1103 „memoria
658 1023 777 1086 teneo“
803 1019 909 1086 locum
934 1020 1101 1086 obtinent:

243 1126 293 1192 Pl.
317 1127 427 1193 Aulul.
454 1129 518 1193 777
544 1145 610 1212 sq.:
635 1126 744 1193 sime
768 1125 891 1194 novisti
915 1113 1032 1192 minus
1062 1146 1064 1151 ’

629 1235 759 1300 Genere
782 1237 845 1318 quo
869 1233 929 1297 sim
951 1231 1082 1317 gnatus.

308 1339 377 1406 Mil.
403 1341 446 1424 gl.
471 1342 552 1408 452:
584 1360 690 1427 neque
720 1360 789 1424 vos,
821 1340 876 1425 qui
905 1342 974 1407 sitis
996 1341 1153 1424 homines,
1185 1342 1266 1410 novi

966 1469 1071 1534 neque
1097 1449 1172 1516 scie.

311 1555 398 1622 Trin.
412 1557 490 1624 283:
508 1556 593 1624 Novi
603 1577 663 1640 egu
674 1557 735 1623 hoe
747 1556 922 1640 saeculum,
934 1556 1265 1641 moribusquibussit.

502 1664 567 1731 Ofr.
592 1665 687 1747 Capt.
713 1667 786 1747 182,
811 1663 880 1730 Mil.
905 1665 949 1747 gl.
974 1666 1049 1730 925.

244 1773 318 1838 Ter.
330 1772 430 1839 Andr.
443 1773 526 1839 503:
551 1773 624 1839 Non
636 1771 719 1861 satis
728 1792 780 1838 me
794 1771 943 1855 pernosti
954 1769 1185 1857 etiem‚qualis
1194 1772 1265 1836 sim.
1390 1828 1392 1832 ,

311 1879 466 1962 Adelph.:
492 1881 576 1948 572:
599 1881 707 1947 locum
730 1880 808 1948 novi
831 1879 959 1946 ubisit.

496 1988 562 2054 Ofr.
586 1990 687 2056 Andr.
713 1989 789 2072 586,
813 1989 898 2054 Eun.
924 1990 1000 2071 349,
1024 1986 1163 2069 Adelph.
1191 1988 1265 2053 177.

244 2095 293 2161 Pl.
325 2095 435 2162 Aulul.
468 2096 550 2163 542:
589 2095 654 2180 Qui
683 2096 807 2162 habent
839 2094 1047 2162 meminerint
1078 2113 1150 2160 sese
1180 2095 1267 2160 unde

934 2202 1063 2270 oriundi
1085 2202 1175 2268 sieut.

309 2310 393 2376 Rud.
421 2311 523 2392 1310;
548 2309 676 2396 Ecquid
700 2310 894 2394 memenisti,
919 2311 953 2376 in
977 2310 1088 2378 vidulo

704 2417 759 2502 qni
782 2417 882 2500 periit
904 2418 981 2503 qnid
1004 2418 1049 2484 ibi
1072 2417 1220 2500 infuerit.

244 2526 317 2591 Ter.
342 2525 471 2591 Phorm.
496 2527 577 2592 224:
609 2525 822 2608 Meministin,
854 2525 930 2592 olim
961 2533 1000 2592 ut
1029 2526 1127 2608 tuerit
1150 2530 1266 2592 vestre

1015 2631 1121 2698 oratio
1131 2684 1138 2697 .
1150 2685 1157 2698 .
1170 2685 1176 2697 .

287 2759 483 2843 Plerumque
506 2760 549 2826 ed
577 2757 727 2841 perfecte
751 2759 899 2842 „invend‘
925 2764 958 2825 te
991 2760 1155 2841 „reppert‘
1187 2775 1265 2823 eun-

199 2863 366 2932 iunctivus
388 2865 579 2948 praesentis
602 2865 747 2933 aceedit:

244 2972 292 3039 Pi.
317 2971 412 3055 Epid.
431 2975 511 3040 288:
538 2974 585 3040 Et
596 2973 724 3056 repperi
740 2973 823 3039 haee
839 2977 873 3039 te
889 2972 944 3057 qui
957 2973 1102 3039 abscedat
1114 2970 1264 3053 suspitio.

312 3079 484 3162 Epid354
509 3099 574 3166 sq.:
598 3082 692 3147 Nunc
708 3081 828 3147 iterum
839 3087 878 3146 ut
888 3080 1027 3161 fallatur
1036 3086 1132 3162 pater
1142 3079 1268 3163 tibique

812 3186 970 3253 auxilium
993 3188 1177 3268 adparetur,

605 3275 732 3342 Inveni.

311 3385 402 3450 Pers.
416 3386 456 3451 81
474 3403 539 3469 su:
567 3385 702 3450 Omnem
714 3401 783 3449 rem
795 3382 917 3467 inveni,
931 3390 969 3449 ut
982 3403 1041 3449 sua
1055 3381 1116 3446 sibi
1127 3381 1268 3464 pecunia

565 3489 672 3558 Hodie
684 3489 775 3556 illam
787 3491 889 3573 faeiat
905 3491 979 3556 leno
993 3488 1145 3554 libertam
1159 3508 1263 3554 suam.

567 3594 976 3682 fflfflmwm

247 3706 319 3772 Ter.
344 3705 473 3772 Phorm.
499 3708 580 3773 889:
604 3705 666 3771 hue
689 3703 744 3790 qni
768 3725 885 3787 copam,
910 3723 946 3769 re
970 3702 1043 3785 ipsa
1066 3703 1203 3784 repperi.

202 3811 319 3898 quibus
341 3812 491 3880 omnibus
513 3812 596 3878 lueis
618 3811 767 3894 perfecta
790 3811 889 3878 facile
913 3809 1104 3877 commutari
1128 3816 1268 3892 possunt

204 3938 276 3985 cum
298 3918 466 4003 praesenti
490 3918 611 4004 ‚,sei0“.

247 4029 297 4094 Pl.
321 4027 416 4111 Epid.
441 4028 507 4094 440
531 4045 592 4112 sm:
623 4027 697 4092 Non
725 4024 909 4109 repperisti,
941 4025 1144 4108 adulescens
1177 4030 1269 4090 tran-

885 4131 1021 4218 quillum
1044 4133 1160 4216 lucum,

620 4240 685 4310 Ubi
708 4247 784 4308 tuas
807 4240 949 4309 virtutes
971 4240 1160 4321 explices...
