2940 4778
690 265 731 330 15

331 458 380 525 Β.
419 463 495 539 post
526 456 779 539 perfeetum
810 457 1093 552 historicum.

222 565 271 631 Pl.
296 565 411 646 Amph.
438 566 504 631 913
529 582 617 648 squ:
653 565 727 630 Nou
757 564 873 646 edepol
904 584 966 646 quo
995 569 1029 630 te
1053 583 1126 631 esse
1151 565 1246 647 inpu-

598 671 704 738 dicam
728 672 882 736 crederem
905 672 962 755 (sc.
989 671 1038 738 ita
1061 672 1155 759 dixi):

338 768 458 844 Verum
482 777 692 859 periclitatus
716 795 787 842 sum
810 776 954 844 animum
979 783 1069 844 tuom

338 884 424 969 Quid
447 885 569 964 locens
592 888 627 950 et
650 904 712 965 quo
737 889 834 966 pacto
859 883 894 950 id
917 883 1003 951 ferre
1026 886 1200 952 induceres.

220 995 313 1059 Cure.
339 993 423 1059 684:
448 993 604 1058 Pessume
628 992 738 1074 metui,
770 1012 812 1058 ne
836 992 879 1057 mi
911 992 1008 1059 hodie
1040 994 1128 1075 apud
1150 1012 1245 1075 prae-

890 1105 994 1165 torem
1018 1100 1155 1166 solueret.

223 1205 312 1272 Trin.
340 1206 440 1271 1142:
467 1206 540 1271 Meo
559 1206 715 1288 adlegatu
732 1205 834 1289 venit,
851 1206 947 1287 quasi
963 1206 1019 1288 qui
1036 1226 1152 1273 aurum
1167 1207 1246 1273 mihi

342 1314 453 1377 Ferret
476 1331 536 1393 aps
558 1318 602 1394 te,
632 1314 717 1392 quod
741 1314 854 1379 darem
878 1319 956 1379 tuae
980 1319 1103 1396 gnatae
1127 1315 1245 1380 dotem.

225 1421 299 1485 Ter.
310 1421 411 1485 Andr.
423 1420 503 1485 582:
523 1420 595 1501 Ego
604 1421 727 1485 dudum
741 1439 806 1486 uon
816 1420 897 1485 nihil
913 1420 1040 1488 veritus
1057 1440 1127 1486 sum
1139 1475 1145 1487 .
1159 1475 1165 1487 .
1180 1475 1186 1487 .
1202 1439 1244 1487 ne

1033 1528 1162 1610 faceres.

290 1635 374 1701 Eun.
399 1636 464 1702 517
490 1652 552 1716 sp:
578 1633 642 1700 Ubi
664 1634 774 1718 friget,
792 1635 856 1702 huc
871 1636 992 1719 evasit·
1008 1656 1105 1718 quam
1121 1637 1247 1718 pridem

1064 1749 1160 1825 pater

546 1848 628 1914 Mihi
652 1854 687 1914 et
708 1853 816 1915 mater
838 1850 954 1914 ntontne'
977 1857 1085 1916 essent.

288 1956 426 2038 Adelph.
452 1958 533 2023 368:
559 1956 650 2039 Mihi,
676 1955 731 2037 qui
754 1956 788 2022 id
811 1957 963 2022 dnlissen
980 1958 1161 2041 consilium,
1179 1959 1248 2041 egit

1020 2064 1157 2147 gratias.

369 2221 414 2295 (l.
450 2229 526 2305 post
555 2225 1063 2307 plusquamperfectum.

225 2349 274 2415 Pl.
302 2349 404 2416 Stich.
430 2351 495 2416 652
520 2368 585 2432 sm:
610 2370 686 2417 nam
710 2350 822 2418 Sticho
846 2353 1082 2432 annuntiaveram,

591 2458 739 2524 Salutem
763 2457 794 2524 ei
817 2464 855 2525 ut
878 2460 1050 2524 nuntiaret.

225 2565 344 2632 Pseud.
369 2567 451 2632 549:
478 2565 564 2650 Quin
581 2583 638 2632 rus
653 2566 794 2648 utinen,
812 2565 878 2631 iam
893 2564 965 2631 heri
988 2564 1245 2633 eonstitiveram.

224 2673 311 2738 Men.
336 2673 401 2738 592
427 2691 488 2757 so:
524 2673 606 2739 Plus
632 2673 740 2738 minus
770 2692 867 2757 quam
899 2691 980 2754 opus
1008 2672 1119 2738 luerat
1148 2672 1246 2755 dicto,

715 2780 863 2846 dixeram
886 2785 925 2845 ut
947 2798 1019 2846 eam
1043 2779 1173 2860 sponsio

534 2887 801 2953 Controversiam
823 2889 940 2970 siniret.
951 2887 974 2973 ¹)

200 3152 221 3218 ¹)
250 3149 506 3222 Quomodocumque
519 3156 572 3210 viri
584 3155 740 3210 doctissimi
752 3156 884 3223 versibus,
904 3174 971 3226 quos
990 3156 1115 3225 integros
1128 3156 1247 3210 traditos

251 3259 304 3295 nou
331 3259 392 3294 esse
418 3247 542 3311 constat,
561 3246 664 3301 mederi
688 3247 792 3310 volunt,
818 3250 848 3299 et
875 3247 1032 3301 ..dixera1n“
1058 3249 1088 3298 et
1113 3246 1248 3311 ..finiretfi

250 3331 400 3386 Ritsohelii
426 3334 588 3397 emendatio,
613 3335 754 3403 probanda
780 3336 847 3390 mihi
873 3335 981 3404 quidem
1004 3335 1139 3388 videntur.
1176 3336 1247 3388 Nam

249 3420 443 3476 Menaechmus
463 3439 524 3477 cum
537 3425 571 3478 de
590 3425 702 3479 clientis
720 3425 875 3480 stoliditate
888 3427 976 3479 iratus
989 3424 1060 3477 hano
1073 3424 1247 3491 potissimum

251 3512 402 3566 stultitiam
421 3513 480 3566 eius
500 3530 569 3582 quae
590 3513 644 3568 sihi
663 3515 749 3569 fuerit
767 3531 857 3568 morae
876 3516 1036 3568 narraturus
1057 3515 1104 3573 sit,
1124 3513 1151 3566 id
1175 3513 1246 3581 quod

250 3601 309 3668 ipse
329 3606 410 3656 antea
429 3602 498 3656 fecit
516 3604 633 3658 celerius
652 3603 682 3657 in
701 3605 870 3672 cogitatione
889 3605 1024 3673 praeterit
1042 3604 1157 3671 ideoque
1171 3603 1247 3670 plns·

252 3692 454 3760 quamperfecto
473 3695 613 3748 memorat.
651 3693 791 3757 ,misirere
817 3710 879 3747 vero
906 3695 993 3748 solum
1019 3693 1053 3746 ad
1080 3692 1246 3746 sententiam

254 3782 347 3848 aptum
367 3796 434 3836 reor.
471 3780 606 3846 Qiriduam
624 3782 800 3837 Menaechmo
820 3788 879 3836 erat
891 3784 987 3836 maiori
1000 3800 1080 3836 curae
1094 3797 1174 3850 quam
1188 3781 1247 3835 litis

251 3867 314 3921 finis
328 3872 359 3921 ut
371 3870 405 3924 ad
419 3874 528 3941 tempus
547 3875 675 3926 cenatum
694 3874 735 3926 ire
752 3872 870 3940 posset?
901 3872 954 3926 Sed
974 3872 1055 3926 facile
1072 3871 1203 3935 .‚finirot“
1218 3871 1247 3924 iu

252 3957 365 4021 „cerer
385 3963 521 4029 corrumpi
540 3963 640 4030 potuit.
677 3962 787 4016 Littera
806 3963 878 4016 enim
897 3965 948 4028 ‚,n“
962 3979 977 4014 a
990 3961 1101 4015 librario
1120 3961 1248 4031 neglecta

252 4047 362 4114 „florer‘
382 4067 431 4119 pro
450 4052 566 4118 „fiiret‘g
592 4054 624 4105 ut
643 4051 755 4105 verbum
781 4052 885 4120 aliquid
908 4050 1086 4118 significaret,
1113 4051 1246 4119 scriptum

251 4155 312 4191 esse
331 4140 443 4195 conicio.
