2940 4778
692 275 735 340 24

227 472 300 536 Ter.
325 460 452 536 Phorm.
482 472 565 536 577:
597 469 683 552 Quid
712 474 813 551 gnato
845 471 986 553 abriperet
1016 489 1067 535 me
1098 471 1245 560 absente,

1011 578 1157 643 audisti?

313 685 393 750 Hac.
419 686 501 751 607:
526 686 629 768 Quem
660 703 732 749 cum
761 683 846 749 istoc
877 702 1059 750 sermenem
1087 685 1245 768 habueris,

606 791 719 872 procul
741 789 818 856 hinc
841 797 935 856 stans
958 792 1073 875 accepi,
1098 810 1189 857 uxor.

261 897 334 965 Hac
357 899 428 965 loco
453 917 648 980 quamquam
671 897 845 980 participio
870 898 1006 980 „procul
1029 898 1106 965 hinc
1129 903 1244 965 stans“

181 1006 364 1088 praeterita
388 1005 474 1072 actio
500 1005 682 1086 accipiendi
698 1005 887 1071 accuratius
903 1005 1108 1086 describitur,
1134 1013 1246 1073 tamen

179 1131 337 1195 praesens
361 1131 445 1194 quae
476 1117 528 1177 est
558 1118 697 1179 eventus
727 1112 798 1178 eius
826 1111 966 1179 scientia
998 1111 1038 1181 in.
1062 1117 1171 1179 mente
1194 1113 1244 1179 10-

180 1220 311 1302 qnentis
334 1219 516 1301 praevalet.

224 1329 272 1394 Pl.
298 1327 368 1393 Mil.
393 1326 436 1409 gl.
464 1329 549 1393 1097
575 1344 638 1408 sq:
663 1327 734 1391 dici
757 1327 906 1407 equidem
930 1326 1000 1409 tibi,
1083 1355 1086 1359 ⁷

393 1434 464 1518 Quo
488 1438 585 1516 pacto
610 1433 644 1499 id
665 1433 737 1500 fieri
755 1435 857 1514 possit
880 1434 1154 1501 clementissume.

179 1542 377 1625 Palaestrio,
402 1561 497 1623 quem
520 1541 599 1623 quid
621 1540 725 1607 faciat
748 1543 788 1606 de
812 1541 994 1607 concubina
1025 1542 1119 1607 miles
1142 1542 1245 1608 inter-

179 1655 286 1732 rogat,
310 1650 395 1715 hanc
415 1647 708 1729 interrogationem
725 1666 1004 1729 supervacaneam
1020 1666 1093 1714 esse
1110 1668 1246 1732 respon-

180 1758 237 1823 det
259 1758 345 1838 qued
368 1756 450 1821 illud
472 1755 538 1820 iam
554 1754 662 1837 priore
687 1755 823 1821 consilio
849 1756 913 1840 (vv.
933 1758 999 1822 980
1016 1757 1097 1844 sqq.)
1115 1776 1155 1822 ex
1173 1774 1246 1822 sese

182 1864 274 1930 sciat.
316 1863 414 1947 „Dixi
426 1863 508 1928 tibi“
521 1863 624 1946 igitur
635 1863 720 1929 idem
733 1869 786 1928 est
797 1869 897 1945 atque
916 1863 1004 1947 „scis
1022 1863 1088 1929 iam
1105 1881 1146 1929 ex
1160 1869 1244 1930 me.“

181 1973 273 2057 Quae
303 1971 389 2037 ratic
420 1991 517 2052 quam
549 1970 593 2035 sit
615 1989 695 2037 vera
719 1971 837 2037 testari
861 1971 940 2036 mihi
963 1971 1095 2037 videtur
1109 1990 1243 2039 uersus.

224 2081 323 2146 Peen.
341 2079 422 2146 547:
441 2078 546 2162 Scitis,
563 2097 632 2144 rem
647 2078 782 2143 narravi
797 2079 900 2162 vobis,
918 2098 1000 2160 quer
1015 2084 1129 2146 vestra
1145 2098 1246 2162 opera

928 2185 972 2251 mi
996 2205 1078 2268 opus
1099 2187 1158 2252 siet

180 2294 236 2360 ubi
265 2312 423 2377 praesens
454 2298 601 2376 eventus
627 2312 721 2374 quem
745 2293 893 2359 continet
921 2294 1111 2376 perfectum,
1144 2295 1245 2361 verbe

182 2401 315 2486 „scitis“
347 2400 548 2483 exprimitur.
596 2401 705 2481 Atque
735 2401 798 2466 huc
829 2405 905 2466 sunt
936 2401 1098 2467 adiciendi
1128 2421 1247 2469 versus

224 2510 272 2576 Pl.
303 2511 395 2576 Cure.
429 2510 510 2575 608:
541 2507 626 2572 Dici
652 2506 802 2588 equidem
832 2508 893 2573 tihi
923 2510 1008 2574 unde
1040 2510 1082 2575 ad
1111 2527 1163 2575 me
1192 2508 1247 2578 hic

965 2617 1153 2696 pervenerit.

185 2723 187 2727 ’
287 2723 403 2805 Amph.
430 2724 509 2788 744:
535 2721 618 2806 Quis
641 2720 743 2804 igitur
772 2721 837 2786 nisi
868 2739 928 2788 ves
957 2724 1105 2787 admavit
1127 2723 1172 2788 mi
1195 2723 1246 2790 illi

790 2835 828 2894 ut
845 2828 947 2910 faerit
968 2830 1155 2910 praelium?

226 2938 299 3003 Ter.
324 2937 408 3003 Eun.
434 2939 500 3003 420
523 2955 575 3018 sq:
623 2936 694 3020 Quo
718 2942 815 3018 pacto
839 2936 1003 3003 Rhodium
1033 2939 1186 3022 tetipertrn
1208 2939 1246 3004 in

1002 3044 1153 3112 convivio

620 3152 803 3231 Numquam
826 3151 887 3216 tibi
910 3152 1005 3216 dici?

287 3260 367 3325 Hec.
391 3260 472 3325 582:
526 3259 610 3323 Nam
640 3257 718 3322 mihi
748 3257 838 3323 intus
868 3265 943 3324 tues
972 3265 1069 3340 pater
1098 3261 1247 3324 narravit

608 3366 712 3447 modo,
736 3384 799 3446 quo
824 3372 920 3448 pacto
944 3385 995 3431 me
1017 3366 1172 3432 debueris.

180 3474 334 3540 Perfecta
350 3473 462 3556 „ceni‘
485 3478 520 3538 et
540 3472 686 3554 „rear
711 3472 865 3554 aequalia
885 3476 962 3538 sunt
978 3474 1135 3554 „adsum‘
1153 3472 1244 3540 hisce

182 3580 280 3646 locis:
305 3580 354 3647 Pl.
378 3579 494 3661 Amph.
520 3581 584 3646 869
610 3597 674 3660 sq:
701 3578 804 3645 Simul
827 3580 1114 3646 Alcumenae...

692 3686 768 3751 veni
791 3691 829 3752 nt
852 3686 1009 3752 auxilinm
1031 3687 1144 3768 feram.

393 3794 493 3860 Merc.
518 3795 599 3859 669:
630 3792 768 3876 Reveni,
800 3800 838 3859 nt
867 3793 958 3860 illum
984 3815 1160 3877 persequar
1189 3795 1244 3877 qui

985 3920 1035 3967 me
1059 3901 1152 3986 fugit.

227 4008 293 4072 Ter
314 4006 451 4089 Adelph.
478 4007 543 4074 653
568 4025 632 4088 sq:
657 4008 692 4073 Is
714 4006 808 4074 venit
830 4013 869 4072 nt
893 4025 1002 4074 secum
1025 4011 1145 4075 arctat.

589 4166 674 4181 .....
699 4114 860 4197 virginem
882 4120 921 4181 nt
944 4133 1053 4182 secum
1074 4117 1195 4182 nectat.

86 4334 116 4479 Ι
254 4406 406 4480 Α
