2940 4778
702 287 745 355 45

555 485 585 550 2.
619 481 882 565 perfectum.

190 592 239 659 Pl.
263 592 331 660 Mil.
357 592 400 676 gl.
428 594 530 658 1167:
563 590 690 678 (Dicas)
722 589 810 657 Hinc
840 607 951 656 senem
981 588 1041 654 abs
1072 593 1106 654 te
1138 587 1257 671 abisse,

646 703 820 780 postquam
843 695 957 780 feceris
980 694 1166 764 divortium.

278 808 363 875 Rud.
388 809 468 874 401:
493 808 540 873 At
563 825 623 889 ego
648 804 749 874 etiam
780 803 837 889 (sc.
864 802 946 888 scio)
976 801 1032 884 qui
1063 803 1259 885 1111111111

778 930 868 994 spem
892 911 1060 993 decepisse
1084 910 1206 978 multos

278 1021 380 1089 Stich.
411 1022 493 1089 555:
524 1019 688 1088 Videlicet
717 1038 850 1103 parcum
879 1017 983 1085 fuisse
1015 1018 1108 1084 illum
1134 1036 1254 1101 senem,

314 1110 315 1114 ‘
905 1125 1166 1208 1111111111.

279 1236 381 1305 Stich.
399 1237 463 1303 557
486 1255 550 1318 sq.:
575 1235 739 1303 Videlicet
760 1234 934 1316 inaequom
950 1232 1053 1300 fuisse
1069 1233 1162 1299 illum
1178 1235 1258 1299 adn-

832 1341 1013 1408 lescentem
1036 1340 1091 1423 qui
1114 1340 1200 1424 ilico,

492 1450 557 1518 Ubi
580 1450 637 1518 ille
660 1449 776 1534 poscit,
802 1449 1043 1534 deceperit...

194 1562 267 1627 Ter.
292 1559 422 1626 Phorm.
448 1561 512 1625 722
538 1577 602 1642 sq,:
628 1557 744 1644 (dicat)
769 1561 927 1638 quantum
951 1556 981 1623 is
1003 1558 1144 1640 11111111,

490 1668 614 1733 Datum
637 1683 710 1732 esse
734 1663 831 1731 dotis.

277 1776 405 1842 Phorm.
430 1776 495 1842 875
516 1792 583 1856 sq.:
609 1774 666 1839 sed
688 1792 739 1838 me
764 1789 885 1837 censen
908 1770 1056 1853 potuisse
1080 1773 1190 1841 omnia

490 1880 691 1964 Intellegere
708 1883 803 1947 extra
820 1877 950 1961 ostium,
967 1878 1058 1946 intus
1073 1900 1158 1962 quae
1170 1881 1258 1948 inter

839 2003 917 2051 seve
940 1985 1004 2069 ipsi
1027 1989 1168 2072 operiat?

277 2098 378 2165 Andr.
404 2099 485 2163 664:
517 2093 590 2161 Nisi
619 2092 698 2160 mihi
721 2093 801 2160 deos
824 2091 908 2158 satis
933 2092 1000 2160 scio
1024 2092 1128 2163 fuisse
1151 2096 1257 2166 iratos

832 2199 888 2282 qni
912 2203 1164 2272 auscultaverim.

191 2314 242 2382 Pl.¹
257 2313 357 2380 Asin.
383 2316 465 2381 913:
490 2313 647 2379 mandata
670 2308 775 2376 dicam
799 2305 887 2394 (fut.)
911 2308 1003 2377 facta
1025 2312 1225 2382 1111111111.

89 2450 97 2471 ·
219 2433 249 2498 3.
290 2429 606 2513 imperfectum
638 2435 683 2497 et
714 2428 1221 2511 plusquamperfectum.

188 2546 236 2614 Pl.
261 2546 372 2614 Aulul.
397 2549 464 2623 470
479 2565 543 2630 sq.:
568 2548 672 2615 Credo
690 2550 805 2634 edepol
822 2567 882 2632 ego
901 2548 951 2615 illi
967 2550 1149 2617 mercedem
1165 2547 1254 2631 gallo

844 2656 1010 2742 pollicitos
1033 2673 1165 2738 coquoS,

188 2760 224 2829 Si
247 2761 280 2828 id
302 2762 413 2844 palam
435 2762 567 2843 femsset.

187 2868 283 2953 Epid.
312 2869 471 2957 501111
503 2869 757 2952 Stratippoclem
780 2872 883 2954 aiunt,
918 2869 1118 2953 Periphanai
1140 2869 1252 2952 filium,

401 2976 581 3042 Absentem
605 2977 774 3046 curavisse
797 2984 836 3045 ut
857 2981 946 3062 simet
968 2977 1082 3045 libera.

188 3084 280 3167 Oapt.
307 3085 387 3151 253:
413 3083 540 3166 Edepol
564 3084 625 3150 tibi
648 3103 690 3150 ne
713 3084 748 3150 in
764 3085 958 3167 quaestione
974 3107 1108 3151 essemus
1123 3090 1255 3153 cautum

996 3191 1164 3276 intellego.

189 3298 262 3364 Ter.
287 3299 389 3364 Andr.
414 3299 479 3364 699
504 3316 569 3380 sq.:
594 3298 629 3365 Si
652 3299 776 3381 poterit
800 3299 881 3382 fieri,
906 3305 944 3365 ut
960 3318 1002 3366 ne
1018 3304 1114 3381 pater
1129 3319 1187 3382 per
1203 3319 1253 3364 me

882 3405 1016 3473 stetisse
1039 3407 1163 3490 credat,

402 3511 583 3597 Quominus
605 3512 688 3580 haec
709 3515 822 3596 ducat
844 3513 990 3596 nuptiae,
1015 3513 1100 3580 volo.

276 3620 361 3687 Eun.
386 3621 453 3687 930
477 3639 563 3703 sqq.:
587 3622 621 3687 It
642 3626 757 3689 verost
778 3621 865 3702 quod
888 3638 949 3703 ego
973 3619 1052 3686 milri
1079 3626 1158 3703 puto
1182 3621 1253 3702 pal-

1027 3727 1164 3794 marium

402 3836 456 3901 Me
478 3834 674 3918 repperisse,
698 3854 761 3917 quo
785 3836 879 3902 modo
904 3834 1173 3902 adulescentulus

401 3941 611 4008 Meretricum
635 3942 770 4025 ingenia
793 3948 828 4009 et
850 3959 958 4008 mores
976 3947 1083 4024 posset
1105 3961 1251 4009 noscere.

276 4048 397 4114 Heaut.
415 4052 480 4116 816
498 4067 543 4131 sq.
555 4071 562 4116 :
575 4050 624 4116 Ne
635 4068 686 4115 me
693 4049 780 4117 istuc
787 4069 828 4116 ex
837 4055 870 4116 te
878 4048 1252 4132 prinsaudissegaudeo,

402 4157 506 4239 Quam
531 4163 702 4240 argentum
725 4157 852 4223 omues
865 4209 959 4222 .....
