2940 4778
722 286 742 350 9

309 480 427 545 Bacch.
455 482 535 545 722:
561 480 679 545 Nescis
709 479 787 560 quid
818 497 878 562 ego
911 485 1042 544 acturus
1072 482 1133 545 sira
1162 501 1269 562 neque

688 587 817 653 facinus
841 592 998 668 quantum
1022 589 1180 653 exordior.

294 696 459 777 „Acturus
483 693 563 759 sim“
590 695 632 760 ad
657 699 761 760 totum
785 695 896 760 dolum
919 695 974 774 qui
999 693 1191 761 efficiendus
1219 701 1272 762 est

200 801 353 882 pertinet,
382 800 573 884 „exordiar“
601 806 712 866 autem
735 802 777 866 ad
808 800 1070 883 apparationem„
1086 801 1153 868 doli
1185 822 1269 883 quae

200 926 288 973 nunc
311 907 464 990 Chrysali
488 907 579 973 iussu
603 908 649 972 fit.

246 1016 318 1081 Ter.
333 1016 412 1081 Heo.
430 1017 508 1082 193:
532 1014 605 1080 Nisi
621 1035 701 1080 sane
721 1034 819 1081 curae
833 1021 893 1097 ast,
915 1035 1069 1097 quorsum
1089 1022 1271 1082 creatarum

1015 1124 1077 1189 hoc
1100 1124 1165 1190 siet.

315 1231 395 1295 Hac.
421 1232 502 1296 614:
528 1229 615 1314 Quia
638 1231 678 1296 de
702 1249 804 1296 uxore
822 1229 969 1297 incertus
993 1250 1064 1297 sum
1078 1231 1178 1297 etiam
1195 1230 1273 1313 quid

941 1339 1001 1403 sim
1024 1338 1181 1419 facturus

314 1444 452 1527 Adelph.
468 1445 551 1511 514:
576 1444 611 1510 Si
623 1450 685 1528 est,
706 1443 735 1509 is
747 1444 896 1526 foeturas
907 1450 945 1511 ut
956 1446 997 1510 sii
1010 1444 1153 1511 officium
1167 1464 1268 1526 suom,

569 1550 699 1618 Faciat.
858 1635 860 1639 y

289 1661 354 1727 Sed
368 1660 456 1726 haud
472 1657 521 1725 ita
545 1679 620 1724 raro
638 1657 825 1741 praesentis
840 1678 899 1741 pro
919 1658 1023 1726 futuri
1043 1659 1273 1728 coniunctivus

201 1771 395 1850 usurpatur,
433 1765 629 1849 praesertim
668 1764 696 1831 si
728 1765 762 1830 in
795 1765 963 1831 sententia
993 1765 1150 1847 primaria
1180 1767 1273 1833 verbi
1333 1772 1336 1778 ’

200 1873 291 1941 notio
316 1875 359 1940 ad
381 1873 529 1940 futurum
551 1873 618 1938 iam
642 1877 781 1955 spectat,
806 1892 870 1953 qua
893 1874 934 1939 de
957 1892 993 1939 re
1018 1873 1102 1940 coni.
1127 1875 1146 1959 ξ
1170 1877 1200 1942 8.

292 1981 385 2047 Talis
409 1979 513 2046 futuri
537 1980 736 2063 significatio
760 1978 850 2045 inest
871 1979 906 2045 in
929 1981 1029 2047 verbo
1046 1981 1270 2063 exspectandi.

200 2090 311 2170 Atque
327 2089 358 2153 is
374 2087 430 2169 qui
446 2087 701 2168 loquiturmodo
721 2104 880 2169 praesens
893 2087 1036 2154 actionis
1049 2089 1272 2172 exspectandi,

202 2196 297 2260 modo
321 2194 468 2259 futurum
487 2199 617 2276 tempus
635 2212 698 2274 quo
719 2195 805 2275 quod
824 2200 1037 2277 exspectatur
1054 2195 1126 2262 fieri
1147 2195 1275 2278 cogitat
1368 2248 1369 2252 .

202 2306 311 2367 mente
342 2305 460 2368 tenens
488 2303 531 2367 ad
560 2319 721 2383 praesens
751 2304 946 2385 „exspecto“
979 2301 1163 2384 promiscua
1194 2322 1270 2369 con-

201 2409 384 2477 iunctivum
407 2409 594 2492 praesentis
617 2414 652 2475 et
674 2407 778 2475 iuturi
804 2409 972 2493 adiungit:

244 2517 294 2584 Pl.
320 2516 410 2584 Trin.
435 2520 492 2585 98:
518 2518 686 2600 Exspecto
712 2518 819 2600 siquid
842 2518 941 2584 dicos.

246 2627 319 2692 Ter.
336 2626 467 2692 Pharin.
493 2627 575 2693 161:
599 2625 685 2691 Dum
709 2629 864 2708 exspecto
889 2645 986 2706 quam
1010 2646 1085 2693 mox
1109 2627 1226 2692 oraim.

312 2733 433 2799 Phorm
449 2734 532 2799 606:
548 2733 714 2814 Exspecto
731 2751 829 2813 quam
845 2751 920 2798 mox
934 2732 1069 2815 recipiat
1086 2751 1159 2799 sese
1173 2734 1270 2800 Geta.

291 2838 401 2904 Verba
416 2844 527 2905 autem
540 2839 676 2904 timendi
693 2838 883 2922 significant
898 2838 1181 2922 exspectationem
1198 2860 1270 2907 cum

203 2944 320 3011 timore
344 2944 480 3010 mixtam
501 2944 554 3010 his
577 2945 677 3012 locis:

248 3055 321 3120 Ter.
337 3051 439 3120 Andr.
456 3019 535 3155 ff:
562 3053 685 3119 Misera
700 3053 800 3120 timeo
818 3052 1017 3138 „incertum‘
1038 3056 1100 3121 hoc
1115 3074 1272 3136 quorsum

1048 3163 1184 3228 occidat.

313 3269 414 3334 Andr.
447 3260 527 3334 419:
560 3269 654 3336 Nunc
684 3274 820 3336 nostrae
853 3269 951 3336 timeo
984 3269 1082 3353 parti,
1114 3269 1192 3351 quid
1222 3268 1275 3335 hic

987 3377 1182 3458 respoudeat.

313 3485 444 3550 Plrorm.
478 3487 557 3551 178:
591 3483 689 3550 timeo
721 3484 835 3566 miser,
867 3504 964 3566 quam
994 3484 1048 3551 hic
1077 3482 1156 3550 mihi
1186 3503 1274 3550 nunc

958 3593 1082 3658 nautici
1105 3611 1183 3657 rem.

291 3701 326 3764 Is
355 3698 411 3781 qui
441 3698 589 3781 loquitur
618 3700 704 3781 quod
735 3718 820 3780 quae
850 3699 931 3764 fient
963 3697 1130 3781 perspicit,
1164 3715 1204 3764 ea
1237 3704 1275 3764 ut

204 3806 392 3889 praesentia
416 3806 559 3889 effingit:

248 3914 321 3978 Ter.
347 3914 447 3980 Andr.
474 3915 554 3980 385:
579 3914 632 3980 Ex
656 3933 696 3980 ea
719 3933 755 3980 re
779 3914 857 3996 qnid
879 3916 948 3998 piot,
973 3913 1057 3981 vide.

337 4022 437 4087 Andr.
463 4023 543 4088 498:
570 4021 648 4103 quid
671 4043 767 4106 opaea
790 4022 905 4087 habeo

247 4128 297 4194 Pl.
322 4128 431 4195 Aulul.
459 4131 543 4195 106:
570 4131 626 4196 sed
650 4128 727 4211 quid
751 4150 846 4213 opum
870 4127 946 4194 scio.
