2940 4778
679 262 719 326 21

257 459 367 525 Codex
396 463 493 524 vetus
517 457 570 543 (B)
598 457 838 541 „pollicitare“,
863 458 938 525 libri
963 461 1055 526 GDa
1086 459 1234 544 „pellici-

171 570 292 649 teres“,
325 566 358 631 in
391 568 421 634 D
455 566 555 633 tertia
586 585 685 632 manu
718 565 752 631 in
784 566 1029 648 „pcllicitares“
1063 573 1235 651 mutatum,

172 677 316 741 tradunt.
363 676 437 740 Hac
457 669 599 740 lectione
625 672 871 757 ,‚pellicitares“
897 680 1009 756 spreta
1030 680 1068 742 ut
1090 675 1238 742 efficiant

171 781 424 864 coniunctivum,
449 780 597 847 scribunt
620 779 847 863 ,‚pcllicitere“
871 781 1081 848 Hermannus
1104 790 1139 849 et
1161 782 1236 849 Rit

171 889 322 973 schelius
354 907 436 975 ques
466 886 704 954 Fleckeisenus
736 893 771 952 et
800 887 984 955 Larenzius
1013 890 1118 956 secuti
1149 897 1235 958 suut.

170 998 236 1063 Sed
262 995 489 1080 imperfectum
517 994 687 1077 scripsisse
715 994 871 1061 Plautum
904 995 983 1061 milti
1013 1016 1087 1063 esse
1119 997 1236 1065 verisi-

170 1106 281 1172 milius
302 1105 444 1172 videtur.
467 1104 551 1170 Nam
566 1101 665 1169 militi
682 1121 716 1168 se
740 1102 979 1185 reprehendere
1004 1122 1135 1173 servum
1150 1109 1237 1191 qued

170 1213 294 1280 iussum
319 1230 412 1277 suurn
438 1210 623 1294 neglexerit
646 1209 815 1276 simulanti
838 1211 1020 1293 praeterita
1049 1212 1136 1279 actio
1160 1234 1235 1297 pro-

171 1318 322 1385 mittendi
346 1323 423 1384 ante
447 1318 560 1385 oculos
583 1322 744 1384 versatur.
792 1317 880 1384 Illud
903 1324 1014 1385 autem
1037 1319 1159 1386 codicis
1182 1322 1237 1388 Dc

171 1426 427 1511 „pollicitares“,
451 1426 537 1510 qued
559 1425 677 1506 probat
692 1424 902 1506 Ribbeckius,
928 1425 1006 1510 quia
1026 1425 1139 1493 dubita
1160 1446 1237 1493 num

171 1535 314 1616 verbum,
340 1531 529 1615 „pellicitn“
554 1530 589 1596 in
608 1550 670 1598 usu
688 1530 800 1615 fuerit,
824 1531 1023 1599 reiciendum
1047 1552 1120 1600 esse
1143 1539 1237 1600 ratus

172 1662 242 1708 cum
265 1641 377 1708 Brixis
401 1640 561 1726 equidem,
585 1646 623 1705 ut
647 1638 796 1707 omittant
821 1639 965 1723 Scioppii
990 1640 1236 1725 „pnllicereris“

170 1749 399 1830 coniecturam,
423 1746 620 1814 alluellero
638 1745 915 1831 „pollicitarere“,
933 1749 1155 1835 emendante1)
1173 1753 1235 1816 sto.

167 1858 297 1940 Exque
322 1855 564 1941 „pnllicitare“‚
595 1852 695 1919 lectio
712 1854 835 1920 codicis
857 1856 895 1938 B,
925 1854 1083 1921 facillime
1107 1855 1237 1939 syllaba

170 1970 246 2049 „re“
273 1965 374 2031 semel
397 1982 419 2028 a
441 1961 577 2028 librario
603 1961 724 2027 omissa
746 1962 818 2028 fieri
840 1962 958 2045 patuit.

257 2087 432 2156 Sententia
448 2086 643 2153 secundaria
658 2106 724 2152 neu
741 2087 939 2155 exactionis
958 2087 1134 2170 primariae
1155 2095 1236 2156 tem-

168 2216 248 2280 pore
272 2194 465 2261 enuntiatur
488 2194 635 2280 (quodsi
657 2196 754 2261 fieret
782 2195 1007 2277 imperfectum
1035 2197 1234 2284 poneretur),

171 2304 227 2370 sed
251 2303 294 2369 ad
316 2302 482 2388 loquentis
505 2307 633 2385 tempus
656 2301 813 2368 refertur:

212 2410 299 2476 Men.
331 2411 397 2475 474
430 2426 493 2494 sep:
530 2411 594 2476 Pro
619 2408 652 2477 di
675 2409 887 2493 immortales
911 2409 987 2496 quei
1013 2410 1137 2477 homini
1166 2430 1234 2477 urn-

883 2537 980 2601 quam
1003 2536 1068 2583 unc
1092 2517 1145 2584 die

349 2623 433 2689 Beni
457 2623 596 2690 dedistis
619 2624 702 2708 plus,
726 2624 782 2709 qui
806 2624 913 2691 minus
936 2626 1134 2708 sperauerit?

211 2733 302 2797 Pers.
328 2733 386 2797 79:
412 2731 530 2816 (visam
553 2732 728 2798 hesternas
751 2733 923 2819 reliquias)

349 2839 515 2920 Opertaen
539 2837 672 2922 fuerint,
696 2839 836 2925 nequis
859 2841 1073 2922 obreptaccrt't.

210 2944 310 3010 Poen.
335 2946 401 3011 986
425 2964 489 3029 sm:
511 2965 587 3012 natu
610 2945 666 3031 qui
689 2946 773 3013 scire
796 2946 899 3030 potui,
924 2947 976 3015 dic
999 2947 1088 3031 mihi,

348 3051 412 3136 Qui
435 3050 518 3118 illim
541 3053 694 3119 sexennis
713 3056 865 3136 perierim
888 3055 1115 3139 Carthagine?

659 3287 678 3371 ξ
702 3289 731 3352 4.

253 3419 283 3485 Α
306 3417 453 3500 perlecta
469 3419 636 3504 historico,
661 3423 748 3507 quod
762 3423 943 3504 praeterite
960 3422 1083 3510 aliquid
1106 3425 1230 3491 iactum

165 3542 238 3591 esse
259 3527 418 3611 declarat,
443 3527 710 3611 distinguendum
738 3538 791 3596 est
813 3529 895 3597 illud
918 3552 981 3616 quo
1005 3531 1061 3616 qui
1084 3531 1230 3616 loquitur

165 3651 230 3699 nen
253 3639 321 3700 tam
344 3635 508 3703 actionem
530 3636 745 3718 praeteritam
767 3658 863 3724 quarn
892 3659 1002 3708 even
1015 3647 1101 3705 tum
1131 3639 1230 3705 eius

164 3749 450 3821 praesentem
474 3743 648 3827 significat.
688 3745 748 3812 Cui
772 3747 911 3829 tempori
934 3754 987 3813 est
1010 3748 1097 3830 apud
1119 3765 1227 3828 gram-

163 3846 303 3914 maticos
324 3869 442 3918 nemen
472 3851 578 3935 logice
608 3852 678 3919 sive
702 3853 911 3936 praesentiae
940 3854 1096 3937 perfecto.
1144 3855 1225 3922 Sen-

200 4119 219 4183 ¹)
249 4116 278 4172 C.
297 4118 328 4172 F.
347 4117 388 4172 W.
406 4118 530 4186 Mueller,
549 4121 672 4190 dicatis.
694 4121 833 4191 ffitnlnbie,
852 4139 878 4191 p.
897 4123 956 4177 630.
