2940 4778
766 239 808 304 10

229 435 269 500 In
284 452 393 501 *versu
418 436 491 501 Ter.
516 435 617 500 Andr.
645 437 727 500 731:
845 454 847 458 ·

319 543 416 608 Move
455 541 546 608 ocius
585 547 618 607 te
652 548 691 606 ut
726 541 803 622 quid
843 563 938 624 opum
976 561 1072 623 porro
1108 542 1294 625 intellegas.

230 647 385 714 adverbio
400 653 540 731 ,‚porro“
559 647 645 714 actio
665 647 937 731 interrogationis
959 648 1110 730 obliquae
1131 649 1297 715 indicatur

231 755 352 821 futura.

321 867 350 930 3.
390 863 641 945 Imperfecti
665 862 1297 946 etplusquamperfecticoniunc-

230 970 333 1038 tivum
365 971 489 1036 habent
527 970 685 1053 imprimis
724 969 1100 1053 interrogationes
1135 970 1297 1038 delibe-

229 1077 407 1158 rativae
441 1077 593 1159 obliquae
628 1096 712 1159 quae
743 1078 785 1144 ad
815 1077 1030 1159 praeteritum
1054 1078 1231 1162 pertinent,
1264 1083 1299 1145 et

230 1203 315 1267 quae
341 1184 557 1251 enuntiantur
579 1184 767 1251 irreales
791 1184 977 1251 sententiae
997 1185 1220 1252 secundariae.

273 1293 322 1359 Pl.
350 1295 449 1359 Mero.
475 1295 556 1359 633:
581 1291 667 1376 Quid
691 1296 727 1357 tu
751 1293 882 1374 taceas,
909 1311 982 1358 men
1005 1296 1129 1375 rogas?

342 1402 426 1466 Rud.
451 1403 536 1467 379:
561 1419 660 1482 rogas
684 1399 761 1481 quid
783 1400 933 1480 taceres?

345 1507 433 1573 Trin.
459 1510 542 1574 992:
582 1506 625 1573 Di
651 1526 702 1572 me
725 1508 867 1589 perdant
890 1507 919 1572 si
943 1513 976 1573 te
1009 1507 1102 1573 flocci
1135 1508 1221 1574 facio
1255 1528 1297 1574 an

187 1655 257 1704 ᾗς,
514 1653 517 1658 ·
934 1616 1086 1696 periisses
1108 1615 1206 1698 prius

175 1706 180 1712 ⁴
342 1723 444 1788 Andr.
471 1726 552 1789 963:
576 1726 714 1805 nemost,
739 1741 834 1804 quem
857 1723 982 1788 mollero
994 1724 1017 1809 ¹)
1042 1723 1193 1806 omnium,

231 1849 293 1909 quo
318 1829 389 1895 loco
414 1829 641 1912 opprimuntur
664 1830 766 1896 verbo
785 1828 915 1914 „videre
938 1829 1003 1894 nisi
1026 1850 1099 1896 eum
1120 1830 1310 1897 vide1·em.“·

230 1937 340 2017 Atque
373 1939 486 2003 eadem
517 1936 661 2020 protasis
689 1941 742 2002 est
771 1938 921 2003 addenda
949 1936 1152 2022 (pronomine
1183 1941 1295 2021 „eum“

231 2043 267 2108 in
293 2046 366 2128 „te“
391 2048 500 2110 mutat
520 2045 542 2131 ).

342 2152 427 2218 Eun.
441 2152 503 2218 561
515 2173 523 2219 :
539 2153 685 2234 Nemost,
699 2171 795 2234 quem
807 2171 867 2235 ego
878 2152 1032 2218 nunciam
1039 2151 1145 2235 magis
1154 2174 1298 2234 caperem

906 2259 1019 2327 videre
1043 2279 1140 2341 quam
1163 2265 1206 2326 te.

342 2368 523 2433 Praeterea
535 2367 651 2445 videas
663 2365 764 2434 Stich.
775 2368 961 2462 ana-255,
975 2367 1030 2448 qui
1043 2387 1159 2435 versus
1171 2372 1297 2435 tracta-

342 2475 464 2540 buntur
486 2477 505 2558 ἓ
529 2471 619 2541 9Αα.

308 2584 338 2648 4.
362 2581 581 2648 Euontiatum
598 2581 826 2648 secundarium
840 2600 946 2663 neque
960 2582 1082 2647 irreale
1096 2601 1202 2664 neque
1215 2582 1298 2648 deli-

231 2687 416 2756 berativum
431 2693 491 2771 est,
504 2683 567 2755 ‘sed
585 2689 868 2772 praeteritam
892 2694 1055 2755 tantum
1071 2690 1296 2772 actionem,

232 2814 325 2877 quae,
356 2795 384 2860 si
415 2797 582 2863 sententia
610 2817 670 2880 per
700 2816 735 2863 se
769 2802 884 2881 staret,
915 2797 1106 2880 imperfecto
1130 2798 1185 2864 vel
1208 2797 1298 2879 plus-

232 2902 475 2985 quamperfecto
500 2904 753 2972 indicativi
784 2905 1030 2989 exprimeretur,
1056 2905 1223 2989 significat
1247 2905 1299 2971 his

232 3008 339 3075 tribus
361 3012 447 3092 apud
472 3012 662 3077 Terentium
686 3010 786 3078 locis:

276 3118 405 3184 Phorm.
431 3120 498 3185 380
521 3137 582 3200 sq:
608 3120 712 3203 Quem
736 3119 874 3185 amicum
893 3123 983 3184 tuom
1000 3120 1051 3185 ais
1066 3119 1168 3186 fuisse
1188 3120 1297 3202 istum,

955 3226 1097 3309 explana
1119 3226 1207 3309 mihi,

597 3333 643 3398 Et
666 3331 721 3414 qui
745 3338 920 3415 cognatum
935 3353 987 3400 me
1004 3333 1066 3398 sibi
1083 3351 1155 3399 esse
1172 3335 1295 3399 diceret.

320 3441 415 3524 Quod
437 3440 600 3505 Dziatzko
625 3443 668 3506 ad
689 3441 775 3506 huuc
790 3441 898 3506 locum
915 3440 1005 3522 dicit,
1023 3440 1100 3522 quia
1116 3439 1297 3522 perfectum

235 3548 376 3632 „fnisse“
395 3550 572 3615 antecedat
587 3553 622 3637 et
638 3547 743 3630 Stilpo
760 3548 826 3614 iam
842 3555 989 3615 mortuus
1004 3553 1147 3630 putetur,
1172 3548 1299 3613 amdam
1386 3541 1388 3546 ’

231 3676 341 3739 repens
364 3656 406 3722 ad
429 3656 643 3738 praeteritum
664 3655 866 3739 cogitatione
889 3655 1016 3738 referri,
1034 3655 1190 3721 assentiri
1207 3655 1297 3736 equi-

252 3855 272 3921 ι)
303 3853 405 3908 Contra
432 3870 524 3908 omnes
556 3852 740 3921 Calliopianae
771 3853 939 3906 recensionis
971 3851 1064 3917 libros,
1095 3854 1143 3921 qui
1167 3854 1295 3919 ,‚malim‘·

303 3944 443 4012 praebent,
472 3942 556 3997 lectio
580 3943 722 4008 „mallem“
747 3942 873 3996 Bembini
897 3941 1074 4010 praeferenda
1101 3944 1152 4007 est,
1181 3943 1245 4011 quia
1268 3943 1297 3995 in

303 4048 382 4086 vorsu
400 4033 469 4087 Eun.
488 4032 538 4086 561
559 4048 621 4086 cum
633 4031 685 4086 hoc
697 4032 756 4086 loco
769 4033 849 4099 plane
862 4032 1025 4099 congruenti
1039 4030 1132 4084 cadem
1145 4031 1294 4086 adhibetur

303 4120 390 4175 forma
407 4121 522 4176 irraalis.
