2940 4778
711 279 754 342 26

199 471 308 537 elucet
330 490 348 536 e
372 472 482 538 verbis
504 471 778 539 antecedentibus
804 473 948 554 „mensis
970 475 1126 539 decumus
1149 477 1214 537 esi*
1232 480 1269 539 et

199 597 218 642 e
241 577 457 659 sequentibus
480 578 593 661 „illam
615 579 760 644 desere&

243 684 328 750 Eun.
347 686 430 752 544:
454 686 548 751 Nunc
563 684 642 750 mihi
657 685 720 751 hoc
734 685 849 768 negoti
865 685 968 752 ceteri
983 687 1102 768 dedere,
1120 694 1159 752 nt
1173 687 1264 753 illam

1111 816 1173 859 am.

200 898 374 965 Sententia
396 905 449 965 est
473 900 555 983 „hoc
578 899 691 982 negoti
714 919 735 965 e
758 900 880 966 ceteris
902 900 980 966 mihi
1012 815 1111 983 ἓξὲξ
1129 920 1267 982 quocum

200 1006 273 1073 loco
297 1014 484 1089 congruunt

245 1114 296 1179 ΡΙ.
320 1113 417 1195 Epid.
441 1115 507 1180 357
532 1133 618 1196 eqo:
643 1115 737 1180 Nunc
760 1121 928 1181 centonem

450 1222 549 1288 Dece
571 1221 615 1287 mi
639 1224 680 1289 ad
704 1223 878 1287 honorem
903 1223 1160 1305 Apoecidem...

449 1329 513 1413 Qui
536 1335 628 1395 recte
652 1335 769 1395 caveat.

245 1437 318 1500 Ter.
342 1435 471 1502 Phorm.
496 1439 579 1503 602:
604 1439 656 1502 An
679 1435 758 1517 quia
781 1455 864 1518 quos
885 1437 1003 1518 fallam
1032 1457 1090 1519 pro
1115 1457 1180 1504 uno
1203 1440 1268 1505 duo

887 1549 962 1608 sunt
984 1544 1063 1609 mihi
1085 1547 1181 1610 date?

288 1650 370 1715 Post
386 1650 566 1732 perfectum
581 1653 709 1732 passivi
730 1652 845 1718 eodeni
869 1650 1060 1732 saepissime
1077 1652 1268 1720 consecutio

200 1762 381 1839 temporum
405 1765 458 1823 est
480 1777 564 1839 quae
588 1765 664 1841 post
687 1760 876 1824 ‹ediecnomn
899 1778 971 1825 cum
991 1762 1153 1840 praesenti
1175 1761 1269 1827 verbi

202 1863 369 1931 auxiliarii
393 1869 509 1947 „esse‘
534 1864 742 1932 coniunctum
766 1865 867 1933 valet.
880 1868 903 1953 ¹)

245 1971 295 2037 Pl.
321 1972 452 2038 Trucul.
478 1975 560 2040 776:
583 1973 691 2054 Prope
720 1974 850 2040 modum
879 1978 1026 2054 coopertae
1052 1975 1143 2056 estis,
1172 1993 1270 2056 qnam

863 2099 924 2162 ego
948 2080 1008 2145 sim
1030 2079 1179 2147 mitis..

313 2187 413 2253 Mero.
444 2188 528 2254 344:
559 2187 673 2269 Neque
702 2186 732 2252 is
761 2206 858 2268 quom
893 2193 997 2270 roget,
1033 2188 1111 2269 quid
1144 2189 1267 2272 docear,

971 2295 1176 2379 capitatum.

290 2401 391 2467 Poen.
417 2404 481 2467 774
506 2420 571 2484 sq.:
600 2401 808 2484 Ooinpositcst
832 2401 978 2483 fallacia,

461 2509 509 2575 Ut
535 2527 574 2574 eo
598 2526 649 2573 me
667 2509 797 2589 privent
819 2514 920 2590 atque
942 2509 1030 2575 inter
1054 2527 1088 2575 se
1112 2509 1267 2574 divident.

247 2615 321 2680 Ter.
346 2616 449 2683 Andr.
473 2617 556 2683 892:
581 2616 724 2680 Adducti
746 2614 802 2697 qui
824 2615 916 2689 illem
932 2615 1007 2682 hinc
1024 2616 1129 2683 civem
1147 2617 1267 2681 dicant.

335 2722 420 2789 Eun.
453 2724 518 2790 286
549 2741 613 2805 so:
642 2742 720 2789 num
742 2741 819 2789 nom
841 2722 895 2789 hie
917 2723 1057 2789 relictu’s
1079 2731 1200 2808 custos

446 2829 570 2912 Nequis
592 2830 678 2897 forte
701 2830 925 2897 inoernuntius
948 2832 1032 2897 clam
1056 2851 1077 2897 a
1099 2830 1204 2898 milite
1224 2833 1267 2899 ed

931 2938 1030 3004 istam
1054 2941 1180 3005 oursel?

336 3045 466 3111 Phonm.
491 3045 570 3112 647:
594 3046 752 3111 inventast
775 3065 859 3127 quoe
883 3046 993 3112 dotem
1010 3052 1111 3127 petat.

694 3216 775 3297 §dn

293 3333 378 3398 Sunt
399 3331 465 3415 loci
487 3350 624 3413 quorum
654 3338 803 3413 tempore
833 3331 893 3398 illa
922 3332 1078 3414 temporis
1109 3352 1172 3413 quo
1196 3333 1271 3415 quis

204 3438 350 3520 loquitur
365 3437 495 3505 ratione
511 3438 625 3505 habita
640 3437 798 3522 explicari
808 3458 874 3505 non
883 3458 980 3521 posse
991 3439 1070 3505 mihi
1080 3439 1268 3508 videantur.
1377 3446 1384 3455 “

248 3546 298 3611 Pl.
321 3545 414 3612 Asin.
439 3547 504 3612 442
529 3564 592 3628 sq.:
617 3545 719 3612 Aibat
741 3546 878 3612 reddere
894 3565 989 3627 quom
1015 3547 1177 3629 extemplo
1195 3549 1270 3616 red·

950 3653 1052 3720 ditum
1077 3662 1185 3720 esset:

316 3761 399 3827 Nem
414 3760 561 3844 retineri,
578 3768 616 3827 nt
628 3762 714 3843 quod
727 3763 767 3827 sit
782 3760 844 3826 sibi
855 3760 964 3843 operis
976 3762 1113 3826 loeatm
1125 3763 1270 3842 efficeret.

204 3869 239 3933 Is
269 3868 355 3934 enim
385 3867 440 3950 qui
469 3868 615 3950 loquitur
644 3867 678 3935 id
708 3875 836 3951 tempus
865 3868 900 3934 in
930 3869 1016 3950 quod
1040 3868 1155 3951 „aibat
1178 3868 1269 3936 cedit

243 4067 263 4131 ¹)
290 4064 345 4120 Cfr.
364 4064 470 4119 Holtzii
489 4065 615 4132 syntaxis
643 4066 795 4133 priscorum
820 4063 984 4133 scriptorum
1011 4064 1089 4119 latin.
1114 4066 1150 4131 11,
1173 4082 1199 4133 p.
1226 4067 1268 4132 91,

294 4155 327 4210 ad
347 4154 428 4209 Mero.
447 4155 500 4209 344
519 4155 566 4223 (11,
584 4156 610 4220 3,
631 4155 682 4223 10).
