2940 4778
292 1231 368 1336 Ex
391 1267 497 1334 medio
521 1267 590 1333 lere
613 1266 676 1334 hoc
700 1266 832 1333 saeculo
856 1265 950 1332 multi
974 1264 1038 1332 viri
1061 1265 1253 1350 doctissimi,

185 1373 358 1440 Bitschelii
371 1373 529 1456 imprimis
545 1372 677 1457 scriptis
695 1373 827 1456 impulsi
842 1373 1036 1455 rationeque
1049 1373 1150 1456 ducti,
1165 1374 1252 1441 omni

185 1500 256 1546 com
280 1479 454 1563 diligentia
476 1480 665 1563 ingeniique
689 1480 838 1547 acumine
862 1481 995 1547 fabulas
1017 1480 1194 1547 Plautinas
1217 1486 1253 1546 et

186 1587 413 1669 Terentianae
439 1587 500 1654 illa
522 1593 743 1671 monumenta,
768 1607 852 1670 quae
876 1608 918 1654 ex
940 1587 1181 1670 antiquissimis
1196 1587 1252 1654 lit

185 1702 328 1762 terarum
351 1695 548 1762 Latinarum
571 1695 772 1778 temporibus
802 1694 1000 1778 gravissima
1024 1701 1167 1780 exstant,
1192 1694 1251 1762 alii

184 1803 284 1870 aliam
306 1809 445 1887 partem,
470 1802 671 1885 perscrutati
695 1808 781 1868 sunt.

272 1913 382 1992 Atque
412 1909 500 1975 inter
535 1909 638 1975 libros
668 1911 708 1976 de
738 1908 851 1976 Plauti
884 1915 920 1976 et
949 1909 1097 1976 Terentii
1129 1929 1251 1994 genere

183 2018 313 2085 dicendi
330 2017 534 2099 conscriptos
550 2017 660 2084 Caroli
677 2017 786 2084 Rothe
803 2016 1035 2083 commentatio
1051 2017 1130 2084 mihi
1146 2017 1250 2084 nomi-

183 2124 315 2212 natim¹)
340 2125 507 2190 afferenda
523 2130 583 2208 est,
607 2126 729 2205 quade
746 2126 912 2191 eademne
928 2144 1027 2207 quam
1043 2128 1251 2193 tractandam

183 2232 263 2298 mihi
279 2230 434 2315 proposui
456 2230 642 2313 inquiritur.
675 2233 794 2314 Itaque
809 2252 875 2314 qua
891 2251 993 2300 causa
1008 2238 1117 2300 motus
1132 2233 1253 2300 iterum

184 2341 224 2406 de
248 2340 480 2407 consecutione
504 2344 687 2422 temporum
708 2339 868 2406 Plautina
891 2345 926 2406 61
950 2340 1153 2407 Terentiana
1171 2340 1251 2407 scri-

183 2447 260 2513 bere
284 2446 426 2513 animum
450 2446 633 2514 induxerim
665 2466 737 2513 cum
766 2447 929 2514 rationem
960 2448 1052 2515 reddi
1076 2453 1251 2514 consenta-

182 2574 279 2621 neum
303 2554 356 2639 sit,
377 2556 417 2621 de
435 2555 494 2622 illo
515 2554 628 2621 libello
644 2555 804 2630 nonnulla
821 2557 924 2622 verba
939 2555 1068 2623 faciam.
1102 2555 1251 2640 Scriptor

183 2664 270 2730 enim
293 2684 333 2730 ea
356 2663 540 2731 disserendi
562 2663 693 2730 ratione
714 2681 748 2729 se
768 2681 863 2731 usum
882 2682 955 2731 esse
975 2664 1140 2747 dicitque
1162 2647 1256 2750 ,non'

186 2772 474 2854 ,quemadmodum
490 2771 589 2853 vulgo
607 2791 627 2836 a
643 2770 868 2853 grammaticis
883 2771 955 2837 fieri
973 2772 1089 2856 soleat,
1107 2793 1128 2839 a
1150 2773 1252 2839 certis

183 2877 341 2960 „fixisque
366 2877 534 2943 ordinibus
563 2877 750 2959 normisque
787 2877 952 2944 universis
985 2879 1249 2962 proficisceretur

185 2983 442 3069 ,disputaturus
468 2987 525 3052 sed
548 2986 590 3051 ab
614 2984 772 3067 exemplis
795 2984 944 3070 singulis,
975 3005 1060 3068 quae
1089 2989 1131 3054 ad
1154 3005 1249 3054 usum

184 3092 382 3177 ,solemnem
413 3110 479 3159 non
512 3098 624 3159 essent
656 3094 903 3159 accommodata
937 3099 972 3159 et
1004 3092 1054 3160 eis
1086 3113 1127 3161 ex
1161 3113 1247 3161 nexu

184 3198 443 3286 ,sententiarum
472 3218 535 3281 quo
568 3199 760 3283 legerentur
790 3200 1031 3267 declarandis.“
1088 3203 1163 3286 Qua
1194 3202 1250 3269 via

181 3308 266 3375 inita
280 3306 417 3391 primum
436 3308 567 3388 quidem
587 3312 680 3374 certa
699 3324 808 3372 rerum
828 3307 1001 3389 dispositio
1021 3308 1247 3391 desideratum

181 3414 356 3498 praecipue
379 3434 457 3482 vero
482 3433 555 3481 cum
578 3414 683 3480 solum
706 3433 748 3480 ex
766 3433 851 3480 nexu
874 3415 1113 3483 sententiarum
1129 3435 1248 3484 causas

182 3530 362 3606 temporum
396 3523 532 3589 trahens
563 3522 777 3604 interpretari
813 3521 911 3587 nimis
945 3522 1112 3590 subtiliter
1149 3542 1248 3607 saepe

182 3635 329 3713 cogatur,
353 3630 466 3697 Plauti
490 3628 619 3711 quidem
642 3629 775 3712 generis
794 3629 957 3696 scribendi
975 3636 1130 3698 naturam
1149 3638 1248 3714 atque

183 3737 347 3820 ingenium
368 3739 501 3820 saepius
523 3737 679 3820 neglegit.
726 3739 811 3804 Nam
838 3739 895 3820 qui
925 3739 975 3805 ita
997 3739 1247 3825 interpretatur,

182 3847 370 3914 elaborasse
394 3848 572 3931 diligenter
602 3847 787 3914 sententias
818 3853 950 3930 poetam
982 3853 1104 3914 censet.
1152 3849 1248 3932 Quod

200 4048 221 4114 ¹)
242 4045 271 4100 Ο.
290 4045 389 4111 Bothe,
409 4046 583 4116 quaestiones
601 4046 797 4115 grammaticae
816 4046 850 4100 ed
865 4063 944 4100 usum
961 4046 1057 4100 Plauti
1069 4047 1246 4114 potissimum

410 4139 439 4188 et
458 4135 582 4190 Terentii
601 4137 768 4205 spectantes,
787 4136 875 4190 Berol.
896 4135 973 4190 1876.
