2940 4778
698 291 740 355 37

298 486 399 553 Stich.
424 488 489 554 253
515 505 599 569 eqo:
634 486 760 553 Gelos:
783 487 869 572 Qnid
892 487 994 571 igitur
1016 506 1068 553 me
1090 487 1186 554 volt‘?

720 592 829 660 Orco:
852 593 968 661 Tritici
992 593 1118 661 modios
1140 596 1252 662 decem

381 702 513 784 Rogare
527 700 651 784 opinor.
681 701 807 768 Gelos:
822 703 929 784 Mene,
941 706 979 768 ut
989 703 1030 767 ab
1041 705 1254 783 sesepetcm?

300 807 407 876 Orco:
429 810 531 875 Immo
554 813 593 873 ut
616 814 651 874 tu
676 807 814 876 anobis
837 813 983 876 mutuom
1006 809 1103 875 nobis
1126 809 1229 877 dures.

273 935 459 1003 Enuntiata
477 942 553 1020 „ut.
566 989 572 1003 .
584 939 715 1019 petam“
733 941 768 1002 et
784 941 861 1019 ,,ιιι.
874 988 881 1004 .
896 937 1014 1003 dares‘
1032 955 1072 1003 ex
1086 935 1253 1001 sententia

185 1049 295 1109 mente
319 1044 469 1110 addenda
493 1063 631 1127 „rogare
660 1044 767 1112 volt“·
784 1061 944 1125 suspensa
968 1045 1055 1109 sunt.
1103 1042 1251 1125 „Dares‘

185 1170 382 1234 quamquam
405 1170 518 1217 omnes
533 1151 609 1217 libri
633 1171 706 1218 cum
728 1150 947 1218 Ambrosiano
971 1151 1056 1218 hauc
1077 1150 1252 1217 lectionem

186 1259 340 1342 tradunt,
371 1278 430 1342 pro
463 1258 687 1341 praesentium
716 1258 831 1326 formis
862 1258 977 1343 „duis‘
1010 1258 1080 1327 sive
1113 1259 1251 1342 „dates‘

184 1364 357 1447 irrepsisse
380 1365 530 1449 Bothins,
554 1365 766 1449 Ritschelins‚
791 1366 1038 1449 Fleckeiseuus‚
1071 1366 1253 1450 Seyffertus

185 1471 343 1555 suspicati
367 1477 453 1540 snut.
501 1474 565 1540 Sed
589 1477 718 1540 tontum
742 1474 837 1540 abest
859 1478 899 1539 nt
920 1473 1005 1540 hanc
1036 1473 1253 1556 suspicionem

183 1581 327 1663 probem,
351 1585 390 1647 ιιι
411 1579 480 1646 illis
511 1580 711 1648 coniecturis
741 1580 955 1647 ludibriosum
985 1581 1080 1663 quasi
1111 1581 1253 1647 colorem

184 1687 349 1771 detergeri
371 1687 564 1755 existimem.
597 1688 681 1755 Nam
704 1688 826 1755 ancilla
842 1688 1027 1771 imperfecti
1043 1687 1252 1756 coniunctivc

184 1793 369 1879 significare
389 1795 468 1861 mihi
491 1795 633 1879 videtur,
658 1795 871 1879 Gelasimum,
895 1796 995 1862 istum
1018 1797 1253 1880 pauperculum

183 1901 375 1986 parasitum,
400 1902 565 1986 cumipse
588 1902 824 1986 nihilhabcat,
849 1923 911 1985 quo
942 1903 1063 1970 famem
1094 1904 1250 1987 depellat,

183 2009 260 2076 illos
274 2009 378 2076 tritici
394 2011 519 2077 modios
534 2030 710 2092 numquam
725 2012 878 2077 daturum
896 2029 978 2077 esse.
997 2011 1171 2079 Sententia
1189 2010 1251 2095 igi·

183 2123 238 2183 tur
261 2118 409 2201 perfecta
427 2118 509 2185 haec
527 2124 595 2187 est:
625 2119 747 2203 „Immo
767 2138 885 2202 rogare
904 2119 993 2203 volt,
1017 2125 1053 2186 ut
1077 2124 1136 2185 tua
1156 2119 1251 2187 vobis

182 2231 328 2293 mutuom
358 2225 453 2293 nobis
480 2227 578 2293 dares
612 2227 642 2293 st
676 2227 753 2310 qaid
785 2227 950 2294 boberesl“
1008 2228 1126 2310 Itaque
1160 2233 1251 2294 recte
1318 2290 1323 2298 .

183 2332 356 2400 Goctzium
379 2333 413 2399 in
443 2333 623 2402 novissima
651 2352 711 2400 sna
740 2333 989 2401 Ritschelianae
1021 2334 1176 2402 editionis
1198 2355 1250 2402 re-

183 2440 370 2524 cognitione
409 2442 451 2508 ad
489 2441 636 2508 codicum
681 2441 877 2525 scripturam
915 2441 1053 2509 rediisse
1096 2441 1248 2509 arbitror.

182 2546 247 2614 cfr.
275 2548 293 2631 ᾖ
319 2549 349 2629 1,
374 2550 404 2615 3.

228 2674 301 2740 Ter.
319 2673 419 2740 Andr.
438 2675 503 2740 307
521 2691 585 2756 sq.:
611 2676 742 2759 Quanto
762 2675 884 2742 satiust
906 2679 940 2742 te
963 2675 997 2742 id
1021 2677 1100 2742 dare
1117 2694 1251 2758 operam

644 2783 699 2864 qni
722 2783 822 2849 istum
847 2802 1007 2850 amorem.
1022 2801 1206 2867 ‚amoveas

389 2891 494 2975 Quam
517 2889 551 2957 id
573 2890 673 2974 loqui,
705 2909 767 2973 quc
797 2890 902 2974 magis
924 2890 1025 2957 libido
1049 2891 1175 2958 frustra
1197 2892 1249 2959 iu·

567 2984 568 2991 '
907 2999 1067 3065 condatur
1089 3003 1158 3067 tua.

292 3121 375 3188 Eun.
404 3124 505 3190 1010:
531 3123 603 3190 Non
627 3141 759 3207 possum
783 3123 867 3191 satis
882 3143 1029 3210 nauare,
1053 3144 1135 3210 quos
1151 3126 1247 3193 ludos

845 3232 1036 3315 praebueris
1058 3232 1159 3302 intus.

204 3435 205 3439 =
270 3395 301 3475 β.
334 3391 522 3459 Infinitivus
545 3393 731 3475 praesentis
754 3392 964 3478 coniungitur
987 3413 1059 3463 cum
1087 3393 1104 3460 f
1110 3399 1247 3462 utnrc.

224 3516 274 3583 Pl.
298 3517 413 3601 Amph.
441 3519 542 3585 1015:
574 3520 668 3585 Nunc
698 3520 827 3585 domum
857 3519 910 3586 ibo
943 3524 1099 3605 atque...
1114 3537 1248 3604 pergam

977 3627 1157 3712 exquirere,

438 3732 520 3817 Quis
542 3732 644 3800 firerit
667 3753 762 3822 quem
785 3739 920 3817 propter
935 3788 941 3801 .
958 3788 987 3803 ..

128 3905 134 3917 ,
226 3858 299 3924 Ter.
316 3859 426 3967 Andr.
448 3860 516 3945 ,196
541 3878 604 3946 sm:
630 3859 666 3927 Si
690 3876 823 3928 sensero
839 3861 937 3928 bodie
953 3861 1126 3948 quicquam
1142 3862 1177 3929 iu
1192 3862 1246 3929 his

973 3974 1007 4037 te
1029 3971 1155 4053 nuptiis

438 4070 609 4144 Fallaciae
633 4077 755 4161 conari,
780 4098 843 4163 quo
866 4079 950 4183 dant
971 4078 1079 4145 minus
1081 4131 1162 4164 .....
