2940 4778
713 259 758 324 40

312 454 464 521 Pseudol.
489 456 553 521 597
578 473 642 539 sq.:
667 453 716 518 ita
739 473 816 519 erus
838 471 930 519 meus
952 452 1031 518 mihi
1053 453 1150 519 miles
1171 454 1268 532 dicit,

415 563 589 645 Septumas
604 579 678 626 esse
694 581 715 627 a
730 566 827 643 porta
843 560 945 643 cedia,
962 559 1018 626 ubi
1033 559 1103 627 illic
1118 560 1235 628 nannet
1245 565 1269 650 ¹)

1025 687 1119 752 quo1.
1132 720 1139 734 .
1153 720 1179 734 ..

247 777 321 842 Ter.
344 776 446 842 Andr.
464 777 545 842 687:
571 776 675 841 Orare
698 775 801 857 tuan,
826 774 855 840 si
879 793 915 841 se
931 792 1031 858 amca,
1055 794 1123 857 era,
1148 774 1214 841 iam
1230 781 1271 842 ut

895 883 939 948 ad
960 899 1033 948 sese
1054 883 1173 949 oenias.

314 990 399 1056 Eun.
424 991 488 1056 262
513 1007 599 1073 squ:
625 988 747 1056 sectari
769 988 859 1072 iussi,

416 1095 452 1163 Si
475 1093 563 1177 potis
586 1100 647 1178 est,
679 1100 836 1181 tanquam
859 1095 1123 1178 philosophorum
1146 1096 1272 1163 habent

817 1201 1010 1286 disciplinae
1034 1222 1076 1270 ex
1098 1202 1180 1286 ipsis

418 1308 595 1391 Vocabula,
620 1307 760 1391 parasiti
775 1308 825 1374 ita
840 1315 879 1375 ut
894 1309 1095 1377 Gnathonici
1109 1317 1268 1378 vomatur.

301 1417 431 1484 Phorm.
442 1416 523 1499 prol.
533 1419 554 1482 6
563 1436 646 1502 squ:
661 1415 747 1500 Quia
759 1435 920 1502 nusquam
930 1416 1082 1483 insanum
1093 1419 1268 1501 scripsit...

656 1612 659 1616 Δ
691 1575 769 1589 .....
795 1543 890 1589 orare
913 1529 952 1590 ut
973 1525 1136 1590 subvemat
1159 1525 1231 1592 sibi.

201 1631 314 1698 Luscii
337 1630 460 1714 fabula,
485 1630 519 1696 in
542 1650 608 1715 qua
630 1630 693 1695 hoc
715 1630 884 1713 agebatur,
911 1635 980 1696 tum
1003 1632 1167 1698 exstabat.

312 1740 392 1805 Hec.
411 1740 496 1806 345:
522 1739 605 1804 Tum
620 1737 709 1803 filius
725 1743 800 1803 tuos
816 1738 954 1803 introiit
969 1737 1091 1822 videre,
1111 1744 1150 1805 ut
1165 1739 1268 1823 venit

977 1845 1055 1930 quid
1075 1851 1159 1931 agat.

200 1974 240 2038 In
263 1972 413 2039 versibus
436 1972 486 2040 Pl.
510 1973 626 2056 Amph.
653 1974 738 2039 1122
764 1991 829 2057 su:

415 2081 450 2147 Is
473 2099 509 2146 se
538 2081 622 2146 dicit
653 2099 724 2146 cum
754 2080 936 2146 Alcumena
959 2079 1043 2146 clam
1074 2084 1267 2147 consuetum

1014 2185 1177 2252 cubitibus

414 2294 563 2377 Eumque
585 2293 689 2359 filium
717 2311 809 2359 suom
839 2311 922 2377 esse,
954 2292 1010 2378 qui
1042 2292 1119 2359 illos
1149 2293 1270 2378 anguis
1332 2385 1335 2388 ¹

1061 2405 1178 2466 vwctti.

201 2515 239 2577 ut
267 2510 378 2578 verbis
409 2509 505 2592 „dum
534 2508 617 2574 haec
647 2511 811 2591 aguntur“
840 2525 957 2575 versus
988 2509 1084 2576 1120.
1117 2515 1265 2592 apparet,
1400 2516 1404 2523 '

201 2617 324 2683 iuter
346 2616 612 2710 vincendum
635 2617 753 2682 Jovem
769 2614 891 2681 dixisse
908 2615 1010 2697 primo
1028 2615 1159 2700 quidem
1175 2615 1266 2700 cogi-

201 2729 303 2790 tatur.
349 2724 389 2790 In
413 2740 510 2792 versu
535 2727 646 2790 autem
671 2724 757 2788 1123
777 2722 839 2788 hac
863 2722 1065 2806 cogitatione
1089 2723 1210 2789 omissa
1226 2742 1268 2789 ex

201 2830 370 2913 praesenti
400 2836 545 2914 tempore
583 2831 625 2897 ad
655 2831 741 2916 quod
777 2829 961 2896 infinitivus
991 2832 1107 2914 ‚,esse“
1140 2834 1270 2911 spectat

202 2936 330 3004 dicitur.
367 2939 460 3023 Quae
476 2939 519 3005 ad
533 2955 692 3021 praesens
706 2936 826 3004 relatio
842 2937 907 3002 nisi
922 2937 957 3003 in
972 2943 1082 3004 mente
1098 2937 1270 3004 narrantis

201 3048 299 3114 fieret
321 3046 399 3132 quid
422 3051 473 3112 est
497 3046 583 3130 quod
607 3045 797 3128 „vinceret“
829 3045 973 3127 positum
1002 3063 1068 3111 non
1093 3045 1163 3110 sit?
1201 3046 1267 3112 Im·
1327 3093 1328 3096 ,

202 3154 382 3237 periectum
406 3151 492 3218 enim
515 3171 621 3236 neque
645 3171 666 3217 a
688 3156 792 3218 metro
816 3171 931 3236 neque,
955 3157 994 3218 ut
1016 3153 1109 3219 modo
1134 3154 1268 3219 denton-

203 3259 317 3342 stravi,
342 3280 363 3327 a
387 3258 553 3326 sententia
576 3257 720 3325 alienum
743 3264 841 3324 essct.

543 3423 573 3487 3.
601 3419 924 3503 plusquamperfecto

245 3549 295 3615 Pl.
320 3548 413 3613 Ourc.
438 3547 503 3613 425
523 3563 586 3631 su:
612 3546 706 3630 Quod
728 3544 806 3611 istic
830 3544 1029 3628 scriptumst,
1053 3545 1087 3612 id
1110 3551 1144 3612 te
1169 3566 1266 3615 orare

1042 3653 1179 3719 iusserat

414 3758 567 3826 Profecto
591 3764 630 3825 ut
651 3757 781 3841 fureres,
817 3776 908 3825 suam
933 3759 961 3824 si
984 3759 1088 3825 velles
1110 3760 1264 3843 gratiam.

239 4035 260 4105 ¹)
288 4036 335 4090 Sic
352 4034 524 4089 Ritscholiua
543 4035 737 4089 Fleckeisenus
756 4034 886 4090 Gootzius
905 4051 953 4103 pro
973 4035 1097 4090 codicum
1123 4036 1266 4103 „naboar

292 4125 471 4193 scripserunt.
