2940 4778
700 281 743 346 38

277 501 303 554 γ.
343 474 442 540 Verbi
465 475 613 558 regentis
636 474 725 541 actio
749 482 802 541 est
824 475 1061 557 praeteriti
1085 475 1252 557 temporis.

603 604 631 667 1.
656 602 843 684 imperfecti.

232 726 282 792 Pl.
307 727 425 795 Pseud.
450 728 515 793 492
540 738 605 812 sq}
630 726 717 811 Quia
731 725 884 793 nolebam
904 746 946 793 ex
961 746 1013 793 me
1035 745 1158 792 moram
1181 745 1256 809 pro-

931 833 1023 918 gigni
1045 833 1166 901 malum

343 940 446 1009 Erum
468 946 507 1009 ut
535 959 629 1008 suum
652 959 768 1010 servos
790 939 981 1008 criminer-et
1004 928 1086 1024 aqut
1108 960 1209 1009 erum.

234 1047 322 1114 Trin.
337 1050 402 1115 212
422 1066 508 1134 sqq:
533 1047 647 1114 Omnis
662 1048 813 1115 mortalis
828 1048 914 1116 hunc
935 1048 1071 1116 aiebant
1085 1048 1256 1116 Calliclem

402 1154 577 1238 Indignum
601 1154 738 1223 civitate
761 1175 802 1223 ac
825 1174 897 1222 sese
920 1156 1044 1239 vivere,

402 1260 506 1328 Bonis
528 1261 585 1347 qui
607 1262 694 1328 huuc
717 1263 961 1329 adulescentem
982 1262 1160 1331 evortisset
1177 1261 1256 1330 suis,

235 1371 308 1436 Ter.
333 1370 463 1437 Phorm.
485 1372 528 1437 89
552 1388 616 1455 sq:
642 1369 695 1436 hic
719 1369 906 1437 solebamus
928 1371 998 1437 iere

350 1477 546 1562 Plerumque
570 1497 642 1544 eam
666 1477 818 1561 opperiri,
843 1480 919 1545 dum
941 1478 1018 1545 inde
1035 1478 1101 1545 iret
1117 1481 1254 1546 domum.

301 1585 429 1651 Pborm.
439 1586 505 1651 596
518 1603 583 1670 sq.:
601 1584 662 1651 Dis
673 1585 802 1668 gratias
814 1586 945 1670 agebat,
959 1591 1088 1669 tempus
1100 1585 1163 1652 sibi
1175 1586 1258 1669 dari,

404 1690 469 1757 Ubi
491 1691 713 1759 Phaedriae..
728 1745 734 1759 .
747 1695 955 1760 ostenderet.
969 1745 975 1759 .
989 1745 1014 1759 ..

302 1797 387 1864 Eun.
404 1800 471 1866 930
487 1817 572 1884 sqq:
597 1801 631 1865 It
653 1804 767 1867 verost
789 1801 876 1885 quod
899 1819 960 1884 ego
985 1799 1063 1889 mihi
1086 1805 1165 1882 puto
1187 1799 1259 1883 pal·

1032 1906 1169 1973 marium

449 2015 504 2080 Me
526 2015 712 2097 repperisse
734 2016 894 2101 quomodo
919 2014 1187 2081 adulescentulus

448 2121 659 2187 Meretricum
682 2121 817 2204 ingenia
835 2128 870 2187 et
888 2140 996 2188 mores
1005 2127 1113 2205 posset
1122 2140 1260 2188 noscere

449 2230 580 2295 Mature
603 2236 642 2295 ut
664 2248 737 2295 cum
760 2229 912 2312 cognorit
933 2233 1092 2316 perpetuo
1116 2217 1224 2295 odeat.

303 2335 369 2402 Cir.
391 2337 432 2403 de
456 2334 605 2418 „oderit“
630 2337 649 2420 ξ
673 2339 693 2403 3
717 2341 752 2403 et
775 2337 793 2420 ὅ
817 2339 848 2420 9,
867 2338 906 2402 A.
930 2339 993 2426 72
1033 2354 1036 2360 ·

622 2499 652 2564 2.
687 2497 829 2578 perfecti.

237 2623 286 2690 Pl.
312 2623 427 2705 Amph.
452 2624 519 2689 880
542 2640 606 2708 sq.:
631 2621 829 2688 Mercurium
844 2622 927 2691 iussi
942 2642 993 2689 me
1010 2622 1165 2690 contiuuo
1182 2642 1260 2689 cou-

925 2800 928 2807 ,
1068 2729 1169 2814 sequi,

454 2835 567 2922 Siquid
590 2836 709 2904 vellem
732 2835 904 2919 imperare.

305 2943 415 3010 Aulul.
441 2946 504 3011 371
530 2962 595 3029 sq.:
619 2941 717 3010 Volui
740 2941 883 3009 animum
906 2943 1038 3009 taudem
1068 2943 1261 3010 confirmare

957 3049 1054 3116 hodie
1076 3069 1192 3133 meum,

452 3159 499 3224 Ut
521 3158 604 3224 bene
627 3175 678 3223 me
701 3157 854 3224 haberem
876 3157 959 3224 filiai
981 3156 1114 3240 nuptiis.

240 3268 314 3331 Ter.
338 3264 423 3331 Eun.
448 3266 514 3332 870
538 3282 603 3350 sq.:
629 3264 740 3332 studui
763 3266 905 3347 tradere,

452 3373 499 3439 Ut
529 3370 668 3439 solidum
698 3390 847 3454 parerem
877 3373 939 3438 hoc
975 3371 1019 3437 mi
1055 3371 1258 3456 beneficium,

1012 3480 1168 3546 Chaerea.

306 3588 407 3653 Andr.
432 3588 498 3653 600
522 3605 586 3672 sq.:
610 3605 785 3671 numquam
808 3585 947 3654 destitit.

453 3695 594 3776 Instare,
618 3699 657 3759 ut
679 3692 820 3759 dicerem
843 3712 893 3759 me
918 3694 1092 3760 ducturum
1115 3694 1213 3777 patri.

240 3801 288 3866 Pl.
315 3800 432 3867 Bacch.
460 3802 545 3867 1082
571 3819 634 3887 sq.:
660 3800 732 3883 Ego
753 3801 832 3866 dare
848 3819 899 3866 me
916 3818 987 3866 meo
1004 3806 1105 3883 gnato
1124 3802 1261 3884 institui,

622 3911 660 3973 ut
675 3905 783 3973 animo
801 3905 991 3991 obsequium
1008 3926 1135 3976 sumere
1147 3910 1259 3991 possit.

286 4012 464 4096 „Institui“
488 4014 670 4096 perlectum
692 4012 902 4096 praesentiae
926 4018 979 4080 est
1000 4020 1036 4081 et
1057 4013 1143 4082 idem
1160 4021 1262 4101 atque

199 4119 298 4203 „mibi
331 4119 503 4187 consilium
539 4124 620 4187 est“.
680 4121 761 4187 Cum
789 4118 892 4203 igitur
916 4122 1015 4204 „dare
1039 4139 1090 4188 rue
1107 4175 1113 4188 .
1132 4175 1138 4189 .
1157 4126 1185 4189 .“
1219 4123 1261 4189 ad

305 4474 403 4496 Α
