2940 4778
713 282 755 348 25

244 478 293 544 Pl.
318 477 436 545 Bacch.
462 480 526 545 369
552 495 615 559 sa:
641 477 760 560 quippe
783 496 847 559 quo
871 496 966 543 nemo
990 477 1135 560 advenit,

288 584 361 652 Nisi
381 604 476 667 quem
495 603 570 667 spes
584 585 737 668 reliquere
758 603 880 668 omneS,
904 602 978 650 esse
994 589 1032 652 ut
1044 584 1131 669 frugi
1141 589 1265 668 possiet.

202 692 304 776 „nisi
318 745 344 758 ..
368 694 502 758 11111111ιι
520 693 656 758 eandem
671 691 772 757 habet
788 691 853 758 vim
870 711 966 773 quam
984 691 1070 775 „nisi
1087 692 1140 758 cni
1156 693 1267 759 nullae

201 818 276 882 spes
298 798 446 880 reliquae
470 802 579 864 sunt.“

244 907 328 973 Rud.
353 907 416 972 611
443 924 506 986 sa:
530 905 624 971 Nune
647 906 887 986 quamodrem
911 907 1017 972 dicam
1031 906 1092 973 hoe
1115 906 1266 973 adtinere

1007 1013 1176 1098 somnium,

414 1121 596 1201 Numquam
611 1118 708 1186 hodie
725 1121 812 1203 quivi
824 1121 866 1186 ad
879 1121 1102 1189 coniecturam
1114 1123 1265 1189 evadere.

289 1226 449 1294 Daemoui
469 1225 678 1293 'seutentiam
710 1227 935 1295 secundariam
966 1228 1133 1311 eloquenti
1165 1228 1266 1296 dictio

202 1335 313 1417 aliqua
336 1340 543 1417 praesentem
573 1321 794 1416 ignorantiam
823 1335 1013 1418 significans
1043 1341 1122 1402 ante
1154 1336 1267 1403 oculos

202 1447 263 1510 est.
310 1444 427 1524 Itaque
451 1461 647 1526 „numquam
660 1494 666 1507 .
680 1495 686 1508 .
698 1495 724 1507 ..
751 1444 914 1510 evadere“
939 1444 1077 1526 aequale
1097 1449 1150 1510 est
1167 1443 1266 1528 „mihi

202 1548 377 1617 conicieuti
400 1551 543 1617 nondum
566 1549 704 1631 liquet.“

248 1659 341 1740 cept.
366 1659 430 1725 493
456 1676 519 1738 sq.:
546 1656 609 1742 Qui
634 1657 807 1724 concilium
829 1659 938 1741 iniere,
963 1679 1026 1740 quo
1050 1677 1111 1725 nos
1127 1658 1217 1726 victu
1234 1665 1269 1725 et

891 1764 963 1832 vita
981 1767 1178 1849 prohibeant,

546 1872 581 1938 Is
604 1870 689 1938 diem
712 1871 818 1938 dicam
830 1926 836 1938 .
850 1925 856 1937 .
870 1926 876 1938 .
890 1925 896 1938 .

289 1980 374 2046 nese
398 1998 485 2046 nunc
501 1979 768 2046 adulescentibus
784 1980 957 2046 consilium
973 1981 1112 2047 maxime
1128 1982 1268 2064 parasiti

200 2088 353 2154 interest.

246 2195 340 2261 Cure.
363 2197 428 2262 371
455 2213 519 2276 sa:
544 2196 685 2260 subduxi
707 2195 938 2279 ratiunculam,

361 2300 528 2385 Quantum
551 2301 639 2367 aeris
662 2302 740 2367 mihi
763 2303 805 2367 sit
828 2310 1050 2384 quantumque
1074 2303 1175 2370 alieni
1198 2304 1263 2370 siet.

201 2409 326 2476 Sensus
349 2412 402 2474 est
421 2409 483 2475 hoc
505 2409 577 2475 loco
602 2409 812 2492 „ratiuncula
838 2410 936 2476 scio“.

244 2516 361 2599 Amph.
388 2518 452 2584 177
477 2535 541 2597 sq.:
564 2516 630 2583 Rui
654 2517 750 2583 hodie
774 2518 892 2600 saarim
916 2518 1008 2601 liber,

565 2624 651 2690 Eum
673 2643 760 2691 nuno
776 2626 893 2706 polivit
915 2630 1012 2707 pater
1036 2625 1216 2694 servitutis.

292 2730 477 2798 Mercurius
498 2737 706 2814 praesentem
738 2732 910 2799 servitutis
941 2732 1164 2800 condicionem
1192 2753 1269 2799 con-

203 2837 361 2922 queritur,
385 2858 486 2920 quare
510 2839 605 2906 salva
629 2839 796 2905 sententia
820 2858 877 2922 pro
902 2859 1013 2922 „eum
1029 2893 1055 2905 ..
1074 2839 1266 2906 servitutis‘

201 2945 266 3012 diei
288 2950 399 3029 potest
422 2946 514 3030 „Ego
537 2965 624 3013 nunc
648 2965 718 3013 sum
741 2965 855 3014 servos
877 2947 1014 3029 patris“.

245 3055 337 3120 Pers.
359 3055 440 3120 621:
464 3054 615 3121 Servitus
638 3074 711 3121 mea
734 3054 777 3119 mi
800 3055 968 3120 interdicit
992 3073 1034 3120 ne
1065 3054 1143 3136 quid
1173 3055 1269 3120 mirer

919 3181 1025 3228 meum
1048 3162 1179 3228 malum.

245 3251 369 3317 Sensus
393 3255 446 3316 est
470 3251 636 3334 „servitus
658 3271 732 3317 mea
757 3250 940 3333 prohibet.“

245 3358 319 3424 Ter.
344 3358 466 3424 Heaut.
492 3359 557 3424 848
583 3376 647 3440 sq.:
671 3359 791 3424 Jamne
814 3359 929 3424 oblitas
951 3380 991 3439 es,

360 3465 454 3531 Inter
477 3483 538 3530 nos
562 3464 640 3546 quid
663 3467 704 3531 sit
728 3464 851 3532 dictum
874 3466 915 3532 de
938 3463 1100 3531 fallacia?

317 3569 454 3654 Adelph.
480 3572 540 3639 54:
564 3572 617 3638 Ea
639 3592 681 3638 ne
704 3592 755 3639 me
774 3573 857 3655 celet,
882 3571 1059 3653 consuefeci
1080 3570 1192 3637 filium.

204 3677 417 3760 „consuefeci
440 3678 564 3745 filium“
589 3680 674 3746 idem
698 3686 752 3745 est
774 3686 874 3761 atque
901 3679 988 3763 „filio
1013 3698 1085 3745 mos
1107 3683 1190 3744 est‘.

312 3785 449 3868 Adelph.
474 3787 539 3853 476
565 3804 629 3868 sq.:
662 3786 724 3852 Ille
748 3787 853 3853 bonus
876 3786 928 3854 vir
957 3785 1052 3851 nobis
1082 3783 1267 3868 psaltriam,

928 3893 956 3958 si
978 3893 1029 3958 dis
1052 3893 1172 3975 placet,

365 3999 509 4082 Paravit,
534 3999 664 4081 quicum
686 4002 781 4066 uiuat.

200 4106 384 4190 Hegionem
407 4109 565 4188 quomodo
589 4107 834 4189 praesentires
863 4108 1061 4191 schabest,
1104 4126 1267 4190 exponere
