2940 4778
716 205 757 268 16

700 398 772 482 §d

287 504 327 570 In
351 505 535 573 enuntiatis
565 504 769 572 secundariis
793 523 865 572 cum
889 503 957 570 illis
988 504 1268 588 temporibus

198 612 446 680 historicis
479 612 672 694 coniunctis
707 632 843 697 quorum
879 614 921 678 ad
954 614 1267 695 praesensio-

199 718 1267 806 quentistempusreferunturactionesvelsententiae

199 846 237 894 eo
255 832 402 910 tempore
418 828 534 896 valent
545 829 578 912 ¹),
599 844 793 909 praesen
804 826 867 892 tis
882 826 1111 895 coniunctivus
1127 833 1163 893 et
1177 846 1268 909 per-

199 934 316 1002 lecti
339 935 504 1002 interdum
528 934 671 1017 ponitur.

223 1059 271 1130 A.
304 1063 398 1146 Quod
422 1062 559 1143 primum
583 1061 617 1126 in
642 1061 825 1127 enuntiatis
849 1060 1169 1127 consecutivis
1191 1060 1244 1125 fit:

245 1169 295 1235 Pl.
327 1170 446 1236 Bacch.
477 1170 558 1236 533:
592 1169 713 1235 Verum
747 1174 912 1251 postremo
944 1167 1119 1251 inpetravi,
1159 1172 1197 1232 ut
1228 1184 1268 1230 ue

838 1276 915 1361 quid
939 1277 970 1342 ei
993 1279 1179 1342 suscenseat.

332 1383 401 1450 Mil.
430 1384 474 1467 gl.
502 1387 605 1452 1138:
639 1385 731 1450 Istuc
766 1384 890 1467 curavi,
923 1389 963 1450 ut
995 1383 1147 1465 opinione
1180 1380 1270 1447 illius

959 1490 1104 1573 pulcrior
1126 1491 1178 1556 sis.

330 1600 449 1667 Bacch.
470 1602 554 1668 1021
580 1618 643 1685 sq:
669 1601 716 1667 Et
730 1620 781 1666 me
800 1599 968 1666 meliorem
987 1597 1067 1663 fecit
1085 1596 1271 1680 praeceptis

1054 1785 1056 1789 .
1102 1722 1180 1788 8⁰18,

496 1817 544 1883 Ut
556 1822 590 1883 te
603 1815 634 1882 ei
647 1817 768 1883 habero
781 1815 924 1899 gratiam
937 1833 1075 1899 aequom
1088 1815 1129 1879 sit
1140 1814 1269 1879 bonam.

331 1925 415 1990 Meu.
444 1926 524 1990 712:
558 1923 645 2009 Quid
673 1925 805 1991 taudem
833 1921 951 1989 admisi
978 1921 1012 1986 in
1035 1940 1097 2004 me,
1121 1926 1159 1987 ut
1181 1917 1271 2002 loqui

931 2050 996 2099 uon
1020 2028 1182 2094 audeam?

330 2140 403 2207 Cas.
429 2140 455 2222 I,
488 2142 529 2205 17
558 2139 666 2227 (105);
698 2139 851 2206 Praeieoi
880 2139 948 2205 ruri
979 2142 1070 2204 recte
1100 2134 1155 2220 qui
1185 2138 1272 2199 caret

1060 2249 1180 2310 tamen.

247 2355 322 2422 Ter.
346 2355 431 2422 Eun.
458 2356 538 2422 240:
565 2355 640 2420 itan
661 2354 789 2436 parasti
812 2360 855 2434 te,
881 2359 919 2418 ut
938 2371 1013 2434 spes
1031 2351 1124 2417 nulla
1146 2348 1272 2414 relicua

917 2457 1181 2524 moemffiffl

352 2569 481 2635 Phorm.
519 2570 599 2635 263:
640 2569 743 2654 Atqui
778 2567 860 2632 nihil
893 2564 982 2647 iecit,
1018 2570 1145 2648 patrue,
1185 2563 1273 2647 quod

991 2692 1181 2738 suscenseas.

246 2784 295 2852 Pl.
321 2784 390 2852 Mil.
412 2784 456 2867 gl.
478 2787 542 2851 263
564 2804 628 2870 sq:
652 2785 737 2851 Nam
752 2783 809 2848 ille
825 2801 891 2848 non
904 2779 1013 2864 potuit
1028 2777 1106 2863 quin
1123 2795 1272 2843 sermone

755 2909 813 2956 suo
838 2888 981 2975 aliquem
1005 2883 1216 2952 familiarium

549 3000 796 3080 Participaoerii
821 3051 827 3063 .
854 3049 859 3062 .
887 3049 893 3061 .
921 3049 928 3062 .

330 3105 425 3188 Epid.
446 3107 505 3173 80:
532 3107 713 3190 Numquam
728 3104 890 3171 hominem
907 3120 1100 3188 quemquam
1123 3096 1269 3178 conveni,

741 3213 826 3278 unde
851 3211 981 3276 adierim
1005 3206 1181 3274 lubentius,

432 3319 523 3386 (loni.
548 3321 640 3385 Pers,
665 3319 708 3384 55
733 3336 778 3402 sq.
805 3319 879 3385 582.

249 3428 323 3493 Ter.
347 3427 487 3510 Adelph.
513 3428 578 3494 855
604 3445 667 3510 sq:
700 3426 881 3509 Numquam
909 3424 958 3489 ita
987 3421 1158 3506 quisquam
1188 3420 1271 3484 bene

598 3534 759 3600 subducta
782 3531 912 3598 ratione
935 3532 977 3597 ad
1002 3529 1105 3597 vitam
1129 3526 1203 3609 fuit,

354 3640 440 3727 Quin
454 3659 517 3724 reS,
535 3645 640 3722 aetas,
658 3656 738 3706 usus
751 3657 878 3721 semper
890 3636 1015 3722 aliquid
1027 3637 1171 3717 adportet
1182 3630 1270 3699 novi.

291 3750 364 3815 Hoc
387 3749 460 3815 loco
484 3747 637 3834 quoniam
662 3747 787 3813 Demea
810 3745 843 3811 in
864 3743 1030 3810 sententia
1053 3740 1209 3824 primaria
1232 3740 1272 3805 de

203 3855 388 3922 hominibus
411 3855 466 3941 qui
489 3854 623 3921 fuerunt
654 3853 799 3920 iudicare
822 3851 948 3934 incipit,
972 3855 1010 3915 ut
1033 3849 1148 3933 quales
1170 3847 1273 3912 fuisso
1359 3877 1360 3881 =

224 4089 244 4155 ¹)
275 4087 316 4143 Cf.
336 4088 471 4149 liuohnon
491 4087 508 4142 l.
528 4103 550 4141 o.
570 4086 606 4148 ΙΙ,
626 4086 642 4154 g
663 4086 721 4153 181,
741 4087 766 4155 1,
774 4103 796 4139 a.
