2940 4778
710 301 753 367 34

201 493 455 560 sollicitudinem
479 494 528 560 eri
551 495 652 563 videt.
699 496 821 561 Rerum
852 497 892 562 de
923 495 1065 562 veritate
1089 495 1118 561 is
1140 494 1197 577 qui
1218 494 1268 561 lo-

200 601 312 683 quitur
326 601 453 685 cogitat
468 602 502 668 in
518 602 669 669 versibus
679 620 807 685 quoque
821 604 894 669 Ter.
908 603 1029 670 Heaut.
1047 603 1128 686 prol.
1147 605 1167 669 7
1181 621 1249 684 sqq.
1258 611 1271 669 ε’

522 728 609 775 nune
632 709 688 791 qui
711 710 872 791 saepsere

266 816 312 881 Et
335 815 410 882 cuia
433 816 564 883 Graeca
586 817 636 899 sit,
660 815 695 881 ni
720 821 849 898 partem
871 817 1046 884 maximam

268 922 501 989 Existimarem
526 921 610 989 seire
633 927 790 1007 vestmm,
814 923 849 991 id
871 925 1013 992 dicerem.

294 1030 418 1112 Apud
455 1031 663 1097 Plautum
702 1030 736 1096 in
775 1031 1055 1098 conditionalibus
1085 1029 1270 1098 enuntiatis

200 1135 375 1204 irrealibns
405 1137 569 1203 interdum
597 1138 843 1219 praesentis
874 1138 1103 1206 ooniunotivus
1125 1158 1184 1221 pro
1208 1137 1269 1203 im-

199 1244 338 1328 perfecti
361 1244 538 1328 invenitur,
562 1263 658 1327 quem
682 1264 776 1311 usum
791 1245 930 1312 maxime
947 1245 1162 1328 probabiliter
1178 1250 1267 1313 trao-

201 1352 289 1420 tavit
322 1353 359 1418 P.
396 1353 573 1438 Langen.¹)
630 1353 741 1434 Atque
776 1352 804 1419 si
838 1354 881 1420 ad
916 1352 1076 1420 eiusmodi
1110 1369 1270 1436 praesens

200 1459 408 1526 enuntiatum
432 1459 659 1526 secundarium
675 1460 919 1528 coniunctivum
940 1460 1113 1543 postulans
1128 1458 1268 1543 aceedit,

201 1566 388 1648 praesentis
411 1572 471 1634 aut
493 1566 677 1650 imperteoti
700 1567 931 1635 ooniuuetivus
953 1567 1137 1635 adhibetur.

287 1674 398 1741 Aulul.
423 1676 506 1743 523:
530 1675 758 1758 Conpellarem
782 1695 843 1760 ego
867 1676 970 1759 illum,
994 1675 1029 1742 ni
1051 1680 1189 1757 mduam

935 1802 977 1849 ne
1000 1783 1133 1850 11111111.

291 1889 391 1955 Poen.
418 1890 503 1957 1251
529 1908 594 1972 so:
618 1889 757 1972 primum
780 1890 808 1956 si
831 1891 865 1957 id
887 1890 960 1957 fieri
978 1891 1080 1973 possit

365 1997 414 2062 Ne
437 1996 573 2081 indigua
595 1997 740 2082 indignis
755 1999 808 2066 dei
823 2001 948 2082 durent,
971 1997 1006 2065 id
1020 2017 1081 2081 ego
1098 1998 1267 2067 evenisset

1045 2105 1174 2172 vellem.

290 2211 405 2280 Facile
422 2212 567 2296 „possid‘
592 2232 650 2295 pro
668 2215 815 2296 „posset“
832 2213 1041 2281 librariomm
1056 2213 1268 2297 neglegentia

204 2319 360 2402 seriptum
383 2337 457 2386 esse
480 2321 660 2404 putaveris,
708 2322 802 2405 erod
818 2323 993 2404 crederem,
1017 2321 1083 2388 nisi
1106 2326 1141 2388 et
1156 2337 1269 2387 omnes

203 2426 261 2493 alii
297 2427 427 2494 eodioes
460 2433 496 2494 et
528 2427 766 2495 Ambrosianus
801 2427 856 2515 (A)
891 2434 929 2495 ut
962 2429 1103 2496 maxime
1137 2428 1269 2496 videtur

203 2533 350 2619 „possiu‘
376 2536 574 2617 praeberent
597 2540 696 2617 atque
720 2535 801 2601 alibi
831 2540 944 2603 esseut
965 2535 1038 2619 looi,
1070 2535 1126 2602 ubi
1154 2535 1268 2601 eodem

203 2644 298 2709 modo
321 2648 398 2725 post
420 2661 578 2727 praesens
602 2647 795 2724 sequeretur
817 2643 1081 2729 imperfectum)

291 2750 396 2817 Recte
420 2749 616 2834 Spengelius
639 2749 882 2818 coniunctivnm
902 2749 1089 2833 praesentis
1106 2749 1268 2833 interpre-

204 2857 271 2924 tari
294 2857 374 2925 milri
396 2857 528 2925 videtur
550 2858 689 2942 Adelph.
714 2861 779 2926 316
804 2876 870 2940 sq.:

366 2964 543 3031 Sublimem
566 2965 707 3034 medium
738 2964 917 3048 arriperem
938 2969 973 3031 et
996 2963 1105 3046 eapite
1127 2982 1268 3046 pronum

841 3072 876 3138 in
899 3077 1021 3139 terram
1044 3075 1221 3154 sanaem,
1276 3068 1280 3073 ’

363 3181 410 3246 Ut
433 3180 565 3247 cerebro
590 3179 871 3266 superquartam.

204 3286 288 3352 'Poto
319 3286 404 3352 enim
434 3286 507 3353 loeo
539 3286 687 3371 cogitata
717 3287 874 3370 effingere
912 3291 947 3353 et
978 3285 1113 3352 irrealia
1150 3290 1269 3368 poetae

205 3393 300 3460 licuit
332 3399 368 3459 et
398 3393 482 3461 talia
514 3414 615 3478 quae,
650 3414 721 3461 oum
753 3393 880 3461 familia
911 3412 1005 3462 servo
1036 3393 1166 3465 obviam
1196 3392 1269 3459 dari

206 3506 329 3585 posset,
353 3501 438 3568 effici
462 3506 606 3585 possent.
654 3503 782 3585 Itaque,
812 3506 912 3584 prout
940 3506 1078 3567 metmm
1109 3499 1268 3583 postulat,

203 3608 389 3691 praesentis
412 3609 621 3677 ooniuuetivo
646 3608 693 3694 (in
717 3608 868 3677 versibus
890 3610 965 3690 313,
990 3608 1069 3694 311)
1092 3612 1128 3672 et
1150 3606 1269 3690 imper·

204 3714 285 3783 teeti
309 3716 355 3803 (in
379 3736 431 3785 vv.
455 3719 642 3800 314-316,
667 3719 731 3785 318
756 3717 817 3804 so.)
841 3715 954 3782 utitur.

242 3913 263 3981 ¹)
293 3912 424 3984 beitrage
443 3929 492 3980 aur
511 3912 595 3970 1111111
615 3913 670 3969 uub
690 3912 844 3982 brtldnuug
865 3914 912 3968 bes
931 3911 1064 3980 1111111111,
1100 3926 1125 3979 p.
1145 3911 1180 3964 52
1199 3927 1238 3980 eq.

242 4002 263 4065 ¹)
293 4001 348 4056 Cir.
373 4003 394 4058 1.
414 4002 599 4067 ltotlrlmimor,
626 4001 660 4056 do
684 4003 836 4056 enuntiatis
863 3999 1098 4055 eondieioualibus
1120 3999 1268 4060 Plautinis.

292 4089 359 4146 elius.
377 4108 400 4146 u.
423 4092 498 4156 111711,
517 4108 541 4161 p.
561 4091 594 4144 lt
615 4106 674 4160 sqq.

346 4180 406 4234 lluo
426 4181 524 4234 attulit
543 4180 667 4248 rrxuurpla
687 4196 721 4233 ox
740 4179 862 4233 luroretii
881 4179 952 4233 libro
970 4180 995 4232 I:
1015 4178 1076 4235 356.
1095 4178 1156 4231 645.
