2940 4778
705 494 904 578 §8¹

299 599 335 666 Si
359 600 526 666 sententia
542 599 699 681 primaria
722 599 897 667 futurae
921 600 1063 667 actionis
1080 601 1277 685 significatio

214 707 411 790 continetur,
435 707 470 772 in
494 707 666 774 enuntiato
692 708 886 774 secundario
903 707 1148 774 coniunctivum
1165 714 1241 791 post
1264 749 1278 759 -

210 812 294 879 lanti
326 831 485 895 praesens
514 815 568 882 vel
600 814 781 897 perfectum
812 821 999 897 usurpatur.
1047 816 1082 881 Is
1112 815 1199 881 enirn
1223 817 1278 898 qui

209 920 355 1003 loquitur
378 940 419 987 en
441 920 551 989 futuro
576 921 723 1004 primarii
747 927 893 1004 tempore
911 921 1038 989 iudicat
1053 940 1157 1005 eoque
1174 923 1279 990 actio-

210 1046 284 1094 nem
308 1027 495 1095 secundarii
518 1030 632 1096 eodem
653 1048 715 1111 quo
740 1029 889 1112 primarii
912 1034 1059 1112 tempore
1083 1029 1155 1095 fieri
1171 1030 1280 1113 expri-

210 1135 271 1202 mit
292 1135 470 1218 praesenti,
496 1155 569 1203 eam
592 1141 704 1203 autem
720 1137 941 1204 antecessisse
962 1136 1119 1220 perfecto.
1166 1137 1280 1219 Neque

210 1243 278 1309 ullo
301 1243 373 1309 loco
398 1245 439 1308 ab
462 1243 524 1310 hoc
547 1262 607 1311 usu
624 1244 813 1312 disceditur.
857 1245 961 1329 Quem
983 1246 1025 1311 ad
1048 1244 1279 1312 illustrandum

213 1369 231 1416 e
255 1369 374 1433 magno
399 1351 619 1434 exemplorum
644 1369 778 1418 numero
802 1351 962 1418 nonnulla
978 1351 1084 1419 oculis
1100 1351 1277 1436 legentium

215 1456 390 1526 subiciam:

304 1566 355 1636 Δ.
388 1569 550 1635 Futurum
575 1567 723 1650 sequitur

318 1704 348 1743 α.
367 1679 550 1758 praesectis
572 1675 819 1744 coniunctivus:

255 1783 305 1850 Pl.
316 1783 425 1849 Aulul.
437 1785 522 1850 802:
543 1784 601 1849 Ibo
619 1783 717 1867 intro,
735 1783 863 1865 utquid
877 1783 974 1849 huius
988 1802 1101 1850 verum
1115 1783 1278 1851 sitsciam.

324 1891 418 1957 Ourc.
443 1892 503 1959 45:
528 1891 638 1957 Minus
661 1890 843 1957 formidabo
867 1910 909 1957 ue
933 1890 1073 1957 excidat.

323 1998 419 2064 'I'ruc
444 2000 524 2065 708:
549 1998 644 2064 Nunc
667 1998 861 2080 speculabor
883 1997 961 2080 quid
985 1997 1030 2063 ibi
1053 2004 1183 2082 agatur,
1208 1999 1281 2081 quis

969 2111 1026 2172 eat
1049 2104 1190 2173 intro...

323 2215 410 2281 Meu.
436 2215 500 2280 518
526 2231 591 2294 sq.:
615 2214 797 2295 Numquam
822 2214 937 2297 edepol
961 2213 1133 2295 quisquam
1154 2232 1205 2280 me
1225 2230 1281 2279 ex-

870 2320 978 2387 orabit
1001 2320 1079 2402 quin
1103 2325 1191 2387 tuae.

427 2428 531 2495 Uxori
551 2447 619 2494 renr
636 2448 762 2496 omnem
779 2429 855 2512 iam,
872 2434 911 2495 ut
928 2428 992 2494 siet
1007 2434 1112 2512 gesta,
1135 2427 1280 2509 eloquar.

260 2536 334 2603 Ter.
358 2537 459 2604 Andr.
485 2538 567 2603 313:
594 2536 785 2619 impetrabo,
811 2541 849 2604 ut
872 2536 1000 2617 aliquot
1024 2535 1141 2602 saltem
1158 2533 1283 2616 nuptiis

1014 2644 1134 2725 prodat
1156 2640 1236 2708 dies.

326 2749 446 2816 Heaut.
473 2752 537 2817 557
559 2768 623 2832 sq.:
648 2751 698 2818 De
722 2750 816 2835 istoc,
842 2769 914 2817 cum
937 2767 1018 2815 usus
1040 2748 1180 2832 venerit,

426 2857 617 2924 Videbimus
640 2858 718 2939 quid
741 2876 822 2940 opus
847 2857 900 2926 sit.

331 2964 460 3031 Phorm.
486 2968 570 3034 313:
594 2965 728 3032 Amicos
751 2966 930 3049 advocabo,
962 2966 1004 3032 ad
1026 2965 1113 3031 hanc
1135 2983 1204 3030 rem
1227 2963 1282 3044 qui

1052 3071 1192 3140 adsient.

303 3164 335 3245 β.
354 3162 494 3244 perlecti
518 3162 756 3229 coniunctivus.

324 3268 510 3351 Epidau
536 3287 601 3351 sq.:
627 3271 697 3336 Iam
722 3289 782 3352 ego
804 3269 927 3352 parabo

427 3376 582 3458 Aliquam
605 3377 752 3443 dolosam
774 3377 949 3458 fidicinam,
974 3395 1103 3442 nummo
1121 3376 1283 3442 conducta

1029 3502 1114 3566 quae
1138 3482 1192 3549 sit.

237 3590 286 3660 B.
311 3591 473 3658 Fatorum
497 3592 545 3658 ΙΙ.
571 3590 800 3676 (praeteritum
822 3589 940 3677 futuri)
964 3593 1079 3658 eadem
1103 3593 1285 3672 sequuntur

668 3705 827 3782 tempora.

259 3805 308 3872 Pl.
333 3805 443 3872 Aulul.
462 3808 527 3873 204
552 3824 618 3888 sa:
643 3806 698 3872 ubi
722 3805 921 3872 mentionem
945 3824 1005 3888 ego
1030 3804 1139 3870 fecero
1157 3804 1197 3870 de
1214 3802 1284 3868 filia

535 3913 582 3979 Mi
606 3918 644 3981 ut
667 3914 871 3997 despondeat
872 3965 954 3994 .....
1309 3990 1311 3997 Ι

326 4021 411 4086 Men.
423 4021 561 4102 arose:
577 4021 616 4086 id
629 4025 811 4103 utrumque,
823 4025 994 4102 argentum
1006 4019 1134 4101 quando
1145 4017 1283 4101 habebo,

1063 4144 1193 4207 cavero,

495 4235 544 4299 Ne
568 4239 604 4300 tu
629 4233 802 4316 delinquas
825 4252 908 4301 neve
932 4251 993 4315 ego
1017 4231 1144 4298 irascar
1167 4231 1236 4298 tibi.
