2940 4778
713 293 755 357 28

201 485 371 552 contendit
391 485 563 568 „quoniam
581 486 780 570 expugnatio
797 487 1016 553 antecesserit
1031 485 1154 553 actioni
1169 507 1266 570 prae·
1291 530 1296 544 ι

201 592 321 658 teritae
345 591 545 676 occidendi‘,
570 595 782 660 vehementer
811 603 910 677 errat,
943 583 1020 677 quia
1051 599 1088 660 ut
1117 594 1269 662 versibus

202 701 380 767 252—260
412 705 561 783 apparet,
592 702 671 766 urbs
698 707 886 784 expugnata
917 709 968 769 est
1003 707 1188 786 postquam¹
1210 723 1269 769 rex

201 813 275 873 erat
297 808 501 874 interfectus.
526 809 635 889 Atque
654 827 695 875 ne
719 808 793 893 quis
815 808 917 875 menti
942 809 1143 875 Alcumenae
1167 808 1269 876 alium

200 935 308 981 rerum
332 920 500 998 gestarum
524 915 670 981 ordinem
701 916 870 1011 obversari
900 915 1005 983 dicat:
1029 922 1137 999 vpoeta
1167 917 1268 983 Alcu-

200 1042 328 1101 menam
361 1042 475 1090 verum
507 1027 661 1089 accurate
700 1023 862 1090 dicentem
902 1023 1007 1091 iaciat
1038 1042 1173 1090 necesse
1206 1030 1267 1108 est,

201 1129 355 1214 quoniam
377 1129 450 1212 ipsa
474 1128 545 1195 eius
569 1129 709 1196 scientia
740 1130 989 1197 admirationem
1019 1131 1269 1214 Amphitruonis

201 1236 315 1319 augeri
338 1235 420 1303 uult.
467 1237 584 1321 Itaque
613 1237 696 1303 nihil
728 1237 818 1305 aliud
847 1237 912 1303 nisi
943 1240 1005 1305 duo
1035 1238 1095 1304 illa
1118 1239 1268 1306 facinora

202 1343 272 1410 sine
287 1343 358 1410 ulla
374 1342 530 1425 temporis
546 1343 757 1411 distinctione
774 1349 933 1411 memorat
956 1346 1146 1412 Alcumena.
1187 1347 1274 1412 Cum.

200 1451 302 1535 igitur
324 1451 465 1518 Plautus
487 1451 805 1534 plusquamperfecto
830 1455 943 1519 eodem
967 1455 1061 1519 modo
1078 1460 1178 1534 atquc
1195 1473 1268 1536 pera

201 1560 287 1625 fecto
313 1558 478 1625 actionem
501 1564 647 1640 tempore
670 1559 824 1626 audiendi
847 1560 1061 1642 praeteritam
1094 1560 1267 1644 significet,

201 1685 275 1732 eum
297 1685 376 1732 vero
402 1665 464 1731 sibi
486 1666 592 1749 ipsum
615 1666 784 1732 metricam
807 1667 1035 1733 difficultatem
1059 1687 1194 1750 parasse
1211 1669 1268 1734 ab·

202 1775 333 1839 surdum
357 1772 410 1855 sit,
435 1793 494 1856 per
517 1792 699 1840 sermonem
723 1775 924 1841 cotidianum
946 1775 1072 1841 licitum
1097 1793 1171 1841 esse
1191 1795 1268 1841 con-

201 1880 295 1947 cludo
332 1900 390 1963 pro
426 1880 634 1947 coniunctivo
673 1882 984 1964 plusquamperfecti
1023 1882 1267 1949 coniunctivum

200 1987 337 2071 perfecti
361 2007 490 2070 ponere.
539 1988 639 2054 Cuius
662 1990 710 2055 rei
734 1989 868 2055 tertium
893 2008 933 2055 ex
948 1990 1068 2056 Plauto
1086 1989 1268 2072 exemplum

201 2096 337 2161 afferam
360 2096 394 2161 iu
417 2098 436 2179 ξ
460 2098 490 2178 9,
514 2097 582 2179 Bp,
607 2096 701 2180 Epid.
728 2100 803 2163 414.

289 2204 385 2286 Apud
409 2203 599 2269 'l'erentium
621 2223 707 2270 unus
729 2203 792 2270 huc
815 2205 962 2271 attinens
986 2205 1078 2271 locus
1099 2205 1268 2272 invenitur

245 2312 346 2376 Andr.
371 2313 436 2377 967
462 2329 525 2392 sq.:
550 2312 643 2377 More
666 2311 831 2377 hominum
855 2313 975 2394 evenit,
1001 2318 1039 2378 ut
1062 2313 1148 2395 quod
1170 2313 1267 2399 sim')

937 2425 1075 2485 coactos
1094 2419 1173 2486 mali

311 2525 408 2592 Prius
430 2526 608 2590 rescisceres
631 2530 667 2591 tu
690 2544 787 2607 quam
810 2545 870 2609 ego
886 2526 964 2592 illut
978 2528 1063 2608 quod
1080 2527 1140 2592 tibi
1157 2527 1270 2595 evenit

1090 2634 1176 2701 boui.

290 2885 330 2949 In
353 2883 555 2965 quorundam
585 2901 739 2949 versuum
769 2889 914 2966 tempore
944 2883 1192 2967 interpretando
1225 2886 1268 2952 ad

200 2991 396 3057 Lorenzium
419 2994 455 3056 et
476 2989 624 3056 Brixiam
646 2991 743 3057 metri
767 3010 867 3057 causa
890 3011 1048 3074 praeseus
1071 3013 1129 3075 pro
1146 2993 1267 3075 imper-

200 3098 287 3165 fecto
321 3098 468 3165 adhiberi
501 3097 648 3164 diceutes
682 3118 732 3164 me
766 3098 904 3181 applico.
961 3101 1034 3184 Qua
1069 3100 1103 3165 in
1135 3101 1266 3167 ratione

201 3205 341 3272 maxime
364 3224 415 3270 me
438 3212 559 3288 movet,
592 3206 677 3286 quod
707 3206 892 3287 praesentis
915 3205 1021 3273 forma
1050 3207 1190 3273 iambica
1213 3209 1267 3274 vel

202 3313 325 3381 cretica
348 3312 382 3378 in
407 3312 547 3378 senariis
569 3312 677 3379 locum
700 3318 793 3379 tenet
815 3314 923 3379 ultimi
950 3315 1051 3397 pedis,

245 3420 324 3486 Cist.
350 3421 376 3497 Ι,
402 3422 432 3502 3,
457 3421 501 3486 20
525 3419 616 3506 (166)
641 3438 705 3501 sq.:
731 3420 922 3489 observavit
946 3440 1068 3505 servos

361 3528 432 3612 Quo
457 3533 516 3592 aut
539 3526 679 3607 quasin
702 3527 795 3593 aedis
816 3527 899 3595 haec
922 3529 1065 3611 puellam
1088 3530 1219 3611 desem.

246 3634 314 3700 llil.
340 3634 383 3718 gl.
403 3637 464 3700 131
484 3653 548 3715 sq.:
574 3633 659 3699 Dedi
676 3635 850 3701 mercatori
866 3636 1028 3720 quoidam,
1046 3636 1101 3717 qui
1117 3638 1159 3703 ad
1174 3636 1267 3702 illum

1045 3744 1176 3826 delerat,

566 3849 612 3914 Ut
634 3847 664 3913 is
686 3848 749 3914 lruc
772 3850 909 3917 veniret.

240 4064 259 4129 ¹)
289 4063 364 4115 llaec
382 4063 469 4116 forma
487 4061 611 4116 omnibus
630 4063 709 4117 libris
722 4064 871 4141 stabilitur,
891 4067 923 4116 ut
935 4064 1090 4119 Flekeissni
1109 4067 1268 4120 coniectura

290 4156 384 4217 „sum‘⁴
402 4151 471 4204 mihi
489 4168 543 4204 uon
561 4150 699 4218 probetur.
737 4152 793 4206 Cfr.
812 4152 910 4216 Rothe,
930 4169 955 4221 p.
974 4155 998 4207 8.
