2940 4778
581 230 758 343 'nr

205 474 406 558 cogitatione
430 479 532 556 tenet,
550 473 701 556 quoniam
720 472 887 539 sententia
902 472 1011 539 finalis
1029 479 1087 555 „ut
1103 472 1273 558 efficeret‘

203 584 245 650 ad
268 582 351 649 illud
375 588 504 664 tempus
527 581 743 664 praeteritum
773 581 916 647 refertur
946 585 982 646 ct
1009 579 1201 664 pronomine
1221 599 1273 646 rc-

203 689 321 758 flexivo
353 688 459 772 „sihi“
497 689 704 755 enuntiatum
737 688 905 772 effingitur
937 687 1104 755 sententia
1135 687 1275 755 subiecti

204 796 301 863 huius
325 796 491 863 enuntiati
514 796 633 862 finalis.
680 796 784 878 Atqui
808 815 880 862 cum
911 795 1049 878 tempori
1080 795 1272 879 praeterito,

203 906 290 987 quod
327 905 514 988 „efficeret“
547 903 728 988 significat,
759 903 881 971 locatio
920 902 1152 985 antecesserit,
1185 903 1275 986 plus-

201 1010 439 1095 quamperfecti
463 1010 693 1079 coniunctivus
716 1017 937 1095 exspectatur,
959 1016 998 1077 ut

248 1119 368 1185 Bacch.
388 1121 468 1185 788:
495 1119 621 1185 Orabat
637 1120 723 1200 quod
738 1118 815 1185 istic
831 1124 922 1185 esset
942 1119 1098 1201 scriptum
1113 1124 1152 1184 ut
1166 1118 1269 1184 fieret.

201 1227 310 1307 Atque
335 1225 508 1307 quominus
530 1226 700 1293 librarium
723 1211 892 1308 peccasse
910 1231 1072 1309 putemne,
1106 1244 1178 1292 cum
1202 1245 1270 1291 om-

201 1333 290 1400 nium
314 1332 460 1400 codicum
484 1333 655 1400 consensio
680 1342 749 1400 tum
773 1334 948 1417 praecipue
972 1333 1097 1399 similes
1126 1332 1192 1400 loci
1214 1332 1271 1399 ubi

199 1442 380 1526 perfectum
395 1461 453 1523 pro
471 1441 790 1523 plusquamperfecto
814 1441 957 1524 positum
974 1447 1027 1507 est
1050 1440 1121 1527 (cfr.
1138 1458 1271 1508 versum

201 1554 277 1632 post
298 1549 359 1615 hos
383 1549 586 1635 tractatum),
611 1547 800 1631 impediunt.
849 1549 922 1614 Hoc
946 1554 1075 1631 tempus
1097 1547 1147 1614 ita
1165 1547 1269 1613 inter-

116 1736 118 1741 ,
201 1661 330 1738 pretor,
364 1661 402 1722 ut
434 1656 634 1739 perfectum,
672 1656 759 1737 quod
797 1654 962 1722 actionem
996 1655 1162 1739 significat
1194 1660 1273 1720 ante

200 1761 440 1845 loquentis
478 1767 607 1845 tempus
646 1763 788 1845 factam,
827 1763 910 1829 hac
947 1765 999 1830 ad
1036 1762 1276 1845 loquentis

201 1875 374 1952 tempus
397 1870 632 1937 relatione
656 1871 906 1936 obscurata
929 1869 1106 1937 omuino
1138 1870 1274 1937 actio·
1366 1901 1368 1905 ⁴

200 1996 292 2044 nem
324 1982 430 2044 ante
462 1977 505 2044 id
537 1982 710 2060 tempus
741 1979 857 2059 quod
887 1976 961 2059 qui
990 1979 1130 2044 verbe
1153 1976 1276 2044 facit

200 2090 347 2151 mente
390 2090 519 2151 tenet
553 2083 722 2150 factam
759 2084 794 2150 in
832 2084 1016 2150 enuntiatis
1053 2084 1274 2167 pendentibus

201 2190 361 2257 sermonis
384 2191 542 2258 cotidiani
566 2191 747 2274 exprimere
771 2211 868 2275 posse
899 2193 1104 2258 contendam.
1152 2193 1271 2274 Itaque

80 2295 84 2301 ’
199 2299 264 2365 hoe
284 2298 465 2381 perfectum
489 2305 643 2365 naturam
666 2298 978 2382 plusquamperfecti
1016 2299 1155 2382 attingit
1187 2298 1273 2364 sicut

119 2475 122 2482 ,
200 2405 234 2471 in
265 2405 446 2473 vernacula
473 2406 626 2494 linguan)
680 2407 775 2491 Quod
810 2407 995 2474 confirmari
1030 2406 1109 2472 mihi
1141 2405 1273 2474 videtur

200 2512 359 2596 imprimis
382 2513 558 2581 hocloco:
706 2518 710 2524 '

247 2621 363 2704 Amph.
390 2623 454 2688 745
479 2640 546 2703 sq:
572 2622 700 2707 Quippe
724 2622 780 2704 qui
811 2642 852 2688 ex
882 2627 915 2688 te
947 2621 1068 2706 audivi,
1101 2627 1139 2689 ut
1162 2623 1274 2688 urbem

1006 2748 1191 2795 maxumam

547 2837 810 2920 Eapopoooisscs
822 2854 997 2918 regemque
1017 2837 1184 2902 Pterelam
1201 2842 1274 2903 tute

1025 2946 1184 3010 occideris.

290 3051 381 3136 Quos
411 3070 527 3118 versus
556 3051 724 3139 Brixius2)
755 3050 824 3118 illis
854 3053 1058 3136 adnumerat,
1090 3052 1124 3118 in
1157 3051 1275 3134 quihus

200 3162 301 3239 poeta
324 3163 429 3224 metro
452 3158 598 3225 cesserit.
639 3160 686 3224 At
702 3164 740 3225 ut
755 3159 840 3226 hanc
856 3159 1085 3226 difficultatem
1101 3159 1272 3226 metricam

201 3262 355 3346 evitaret,
372 3264 450 3346 quid
463 3270 516 3330 est
528 3286 586 3333 cur
601 3271 700 3351 poeta
713 3267 997 3350 „expugnaveris‘
1015 3287 1081 3333 non
1095 3266 1272 3350 scripserit.

200 3374 345 3440 Metrum
369 3372 539 3440 obstitisse
563 3393 656 3441 nemo
681 3375 746 3441 erit
762 3374 817 3457 qui
833 3375 931 3441 dicat.
971 3375 1084 3456 Neque
1102 3373 1269 3440 sententia

199 3479 364 3562 prohiberi
386 3480 505 3565 potuit,
529 3501 571 3548 ne
587 3481 769 3565 perlectum
786 3482 952 3566 „audivi“,
971 3481 1057 3548 sicut
1077 3480 1269 3565 „narravit‘

200 3589 428 3656 antecedentis
454 3608 580 3673 versus
612 3609 669 3672 pro
701 3589 847 3672 perfecto
879 3589 1089 3673 praesentiae
1120 3588 1266 3654 haberet.

200 3694 295 3779 Quod
307 3700 419 3762 autem
431 3697 648 3784 Wetzeliusssl
666 3696 1021 3779 plusquamperfectum
1038 3695 1182 3779 positum
1199 3714 1273 3762 esse

238 3892 259 3960 ¹)
286 3892 414 3961 Exempli
432 3909 532 3948 causa:
558 3893 595 3964 ici]
621 3894 719 3963 iroqte,
745 3894 779 3949 ob
807 3910 834 3950 er
854 3892 901 3963 {qo
921 3892 1030 3963 prienen
1050 3892 1118 3962 [robe
1138 3893 1266 3946 sivo...

578 3983 686 4053 qclclpcu
706 3983 788 4053 httte.

237 4070 258 4137 ¹)
284 4071 315 4125 in
334 4075 477 4126 comment.
497 4071 555 4126 Mil.
573 4073 611 4140 gl.
631 4072 689 4127 adv.
709 4073 768 4126 131.

236 4159 258 4228 ⁸)
284 4161 345 4215 l.·c.
364 4176 390 4228 p.
411 4163 444 4214 12
464 4178 512 4230 sq,
532 4180 557 4216 n.
577 4164 602 4216 3.
