2940 4778
664 297 703 361 17

151 494 266 562 credat
290 491 462 575 significet,
495 511 553 574 pro
579 492 774 575 „adp0rtet“
799 491 980 574 perfectum
1006 492 1075 559 sive
1098 492 1217 575 imper-

151 602 272 668 fectum
290 603 509 686 exspectatur.
541 599 702 684 Equidem
718 604 849 680 poetam
870 638 913 645 -
934 599 1045 666 nescio
1063 619 1106 665 an
1121 600 1218 666 metri

151 706 351 775 necessitate
367 745 410 754 —
426 706 585 772 aoristum
609 705 791 787 gnomicum
815 704 948 772 fabulae
972 706 1121 772 Graecae
1145 706 1218 773 imi-

152 821 258 882 tatum
271 832 342 881 esse
355 814 377 900 ¹)
401 819 495 880 ratus
512 813 718 878 enuntiatum
737 813 961 880 secundarium
980 814 1217 881 accommodari

153 921 321 1005 praesenti
344 940 384 986 ex
407 920 467 986 illa
492 920 658 986 sententia
686 920 781 1004 quasi
804 921 953 988 effluenti
978 940 1105 1006 „neque
1128 921 1218 1006 quis-

152 1049 249 1115 quam
273 1031 345 1095 esr‘
371 1027 532 1094 existimo.

179 1175 229 1242 B.
259 1173 324 1239 Sed
347 1171 381 1236 in
405 1171 517 1238 aliis
539 1191 667 1256 quoque
691 1192 731 1238 ac
755 1172 975 1240 consecutivis
998 1171 1182 1239 enuntiatis

208 1288 411 1355 secundariis
429 1289 510 1355 haec
529 1289 692 1370 reperitur
712 1287 944 1355 convenientia
963 1294 1164 1371 temporumz

195 1415 304 1482 Aulul.
322 1416 405 1482 550:
430 1415 492 1481 Pol
503 1431 563 1497 ego
572 1421 610 1479 ut
626 1419 661 1480 te
677 1435 819 1480 accusem
838 1414 954 1480 merito
967 1455 1008 1462 —
1021 1413 1217 1481 meditabar.

263 1541 396 1608 Brixius
434 1540 621 1624 praesentis
661 1539 869 1607 coniunctivo
917 1540 1061 1606 offensus
1109 1541 1218 1608 ‹leleto

155 1649 311 1734 ,‚merito“
329 1656 364 1715 et
383 1654 438 1732 „te
455 1651 513 1714 ut“
531 1647 687 1715 librorum
704 1647 817 1714 ordine
835 1653 967 1716 servato
986 1652 1219 1732 „accusarem“

156 1757 334 1840 proposuit.
366 1758 490 1840 Magna
513 1761 623 1822 autem
648 1755 839 1822 confusione
862 1755 1040 1822 lectionum
1063 1756 1220 1822 librorum

152 1871 185 1932 et
209 1864 471 1933 coniecturarum
491 1863 635 1931 virorum
658 1864 829 1929 doctorum
851 1863 886 1929 0.
910 1864 1020 1930 Rothe
1044 1863 1086 1948 (p.
1106 1866 1148 1930 27
1172 1883 1217 1948 sq.

151 1976 219 2039 not.
252 1972 302 2058 l.)=¹
326 1973 366 2038 de
396 1972 458 2038 hoc
488 1988 586 2038 versu
617 1970 782 2037 disseruit.
831 1970 905 2055 Qui,
936 1973 1022 2056 quod
1049 1970 1221 2038 Acidalius

150 2079 218 2146 iam
239 2079 437 2163 coniecerat,
462 2079 643 2163 „meditor“
663 2079 844 2163 proposuit,
870 2098 1086 2164 „quamquam
1106 2079 1161 2164 qui
1181 2099 1221 2146 ex

155 2187 336 2270 ‚‚meditor“
362 2187 485 2254 iactum
510 2188 554 2254 sit
576 2189 662 2272 quod
680 2188 775 2253 libris
794 2189 971 2271 praebetur
995 2187 1220 2270 „meditabar‘

155 2292 320 2375 explicare
351 2313 417 2361 non
445 2295 578 2379 habct“‚
613 2298 728 2362 “mene
760 2297 817 2361 tu”
850 2300 971 2378 autem,
1004 2314 1089 2379 quae
1120 2296 1222 2362 verba

153 2400 325 2468 Acidalius
346 2421 387 2468 ex
406 2421 496 2469 mera
516 2403 705 2470 coniectura
728 2403 865 2487 addidit,
889 2401 984 2467 libris
1000 2402 1124 2468 tradita
1149 2420 1221 2469 esse

152 2513 250 2591 putat
272 2528 378 2596 neque
399 2528 433 2576 se
452 2509 648 2594 intellegere
672 2510 762 2594 dicit,
788 2513 948 2596 quomodo
973 2531 1013 2577 ea
1036 2511 1070 2577 in
1095 2515 1221 2578 textum

152 2617 362 2700 irrepserint!
409 2619 475 2684 Sed
502 2618 659 2684 librorum
687 2618 862 2685 lectionem
891 2621 1095 2702 ,‚accusem“,
1125 2638 1222 2705 quam

155 2729 378 2791 servaverunt
389 2725 495 2792 Goetz
510 2730 545 2790 et
560 2726 640 2807 Leo,
660 2743 756 2807 posse
771 2724 901 2791 defendi
914 2724 1065 2790 arbitror.
1104 2726 1221 2792 Euclio

155 2829 242 2894 enim
264 2830 525 2913 interrogatione
541 2830 720 2914 Megadori,
746 2832 899 2918 quoniam
923 2834 1010 2917 quod
1032 2833 1223 2899 mussitavit-

155 2934 188 3001 id
211 2936 424 3017 pronuntiare
447 2955 514 3005 non
538 2938 646 3019 audet,
672 2939 817 3019 paullum
841 2941 995 3005 turbatus
1018 2944 1052 3006 et
1074 2940 1221 3007 incertus

152 3041 230 3126 quid
253 3045 462 3127 respondeat,
487 3063 607 3112 novam
629 3046 756 3129 fingens
781 3048 979 3115 sententiam
1003 3048 1112 3115 dicere
1135 3049 1221 3115 hanc

151 3149 268 3232 incipit
291 3158 509 3235 praesentem,
543 3154 601 3220 sed
624 3153 732 3221 animo
757 3155 911 3221 celeriter
939 3156 1077 3222 collecto
1101 3155 1220 3238 imper-

150 3255 238 3323 fecto
271 3258 497 3341 „meditatam
533 3260 697 3343 significat
726 3263 812 3329 hanc
843 3281 916 3329 esse
948 3262 1147 3328 sententiam
1180 3264 1220 3329 de

151 3382 216 3449 qua
239 3366 437 3448 Megadoms
461 3367 727 3453 interrogaverit.

194 3489 263 3556 Mil.
299 3494 364 3559 963
402 3511 463 3578 sq.:
504 3495 620 3578 Egone
658 3499 697 3561 ut
735 3497 777 3561 ad
815 3500 849 3561 te
884 3497 926 3562 ab
957 3494 1114 3561 libertina
1146 3513 1219 3560 esse

718 3605 872 3668 auderem
895 3603 1128 3669 internuntius.

419 3725 483 3810 Qui
494 3726 647 3808 ingenuis
661 3727 744 3793 satis
756 3746 951 3810 responsare
965 3750 1122 3811 urcpoeos.
1138 3781 1143 3794 .
1158 3729 1175 3794 ‚9

152 3903 364 3912 —·-———.

169 3991 189 4055 ¹)
220 3989 259 4043 Cf.
279 3990 363 4046 Isocr.
382 3993 502 4062 Philipp.
521 3993 569 4047 38:
596 3987 686 4060 ε’πῆν
713 3994 742 4046 δὲ
767 3994 856 4051 κακῶς
874 3969 998 4064 εἶλλῆλους
1025 3995 1217 4060 διαθῶσιν,

219 4078 332 4137 ου’όενός
359 4078 511 4140 διαλύοντος
535 4081 614 4134 ao'roi
640 4083 833 4149 διέστησαν
878 4089 975 4153 Areop.
1008 4087 1039 4138 11
1072 4103 1095 4141 c.
1126 4089 1218 4140 annot.

221 4169 251 4223 0.
271 4168 428 4225 Schneider.

1044 4291 1060 4342 2
