2940 4778
715 254 756 317 12

201 463 272 509 cum
311 445 478 510 sententia
511 465 583 510 cum
616 445 763 527 primarii
797 445 928 514 actione
960 447 1055 528 quasi
1088 449 1268 532 coalescat,

200 551 386 634 praesentis
410 551 640 619 coniunctivus
664 551 812 634 sequitur
826 573 992 635 praesens
1015 554 1171 637 primarii.

246 659 295 724 Pl.
320 658 412 724 Asin.
432 661 496 726 267
511 679 576 740 sq.z
600 659 665 725 Ubi
681 679 742 742 ego
759 679 846 726 nunc
861 660 1023 727 Libanum
1039 661 1218 743 requiram.

353 765 1268 849 'UtegoissoslubenmoreslucanaquaanubenUast?

311 873 422 940 Aulul.
448 875 513 940 575
531 892 595 954 sp:
621 874 668 940 Ut
687 892 738 939 me
762 875 900 956 deponat
923 875 1011 959 vino,
1029 896 1102 942 eam
1119 877 1270 944 adfectat

1081 984 1179 1050 vmm.

362 1089 445 1155 Post
467 1088 529 1154 hoc
553 1089 639 1169 quod
662 1088 766 1154 habeo
791 1094 829 1154 ut
852 1094 1007 1156 conmutat
1031 1090 1202 1157 coloniam.

313 1194 1269 1282 Tmfflmmffimmmfflfflm

1031 1306 1177 1372 tesam.

246 1411 612 1493 Ter.Ph0rm.933sq.:
633 1411 709 1478 Ph.:
730 1411 979 1493 Facpericlum.
993 1413 1101 1478 Dem:
1125 1413 1172 1480 Ut
1181 1414 1269 1480 filius

337 1519 417 1584 Cum
427 1517 487 1584 illa
496 1518 612 1585 habitet
622 1525 703 1600 aput
713 1524 762 1585 te:
776 1519 838 1585 hoc
850 1523 997 1586 vestrum
1009 1520 1182 1587 consilium
1193 1521 1267 1588 fuit.

289 1627 342 1692 Ad
373 1625 581 1693 Phormionis
608 1628 710 1694 verba
743 1626 816 1711 „fac
846 1626 1022 1709 periclum“
1060 1629 1268 1696 enuntiatum

200 1733 300 1799 finale
327 1740 452 1817 „ut....
468 1738 549 1816 aput
572 1735 625 1801 te“
659 1736 887 1816 apponendum
918 1739 978 1819 est,
1011 1755 1078 1802 non
1102 1737 1145 1802 ad
1167 1739 1269 1804 verba

169 1870 172 1875 ·
202 1840 383 1921 sequentia.
409 1841 569 1924 Demipho
588 1841 674 1907 euim
686 1842 826 1924 parasiti
839 1841 1012 1910 consilium
1026 1862 1060 1909 se
1073 1843 1268 1927 intellegere

200 1954 323 2032 putans
347 1949 546 2016 sententiam
569 1949 642 2015 eius
665 1949 789 2017 ironice
814 1950 953 2032 supplet.

291 2055 474 2126 Sententiis
496 2056 651 2124 finalibus
679 2057 738 2124 illa
769 2077 897 2139 quoque
922 2061 1168 2126 annumeranda
1192 2066 1269 2126 sunt

201 2163 376 2230 enuntiata
405 2184 426 2231 a
457 2164 568 2232 verbis
599 2165 736 2232 timendi
767 2166 947 2248 pendentia
979 2185 1063 2248 quae
1086 2166 1269 2249 particulas

204 2271 1269 2357 mmmmmtwmmffifflmer

201 2381 297 2462 quod,
329 2378 461 2445 etiarnsi
491 2378 579 2445 actio
611 2379 788 2463 cogitanda
811 2384 863 2446 est
892 2379 1016 2464 futura,
1047 2386 1158 2447 tamen
1183 2382 1270 2449 sicut

201 2484 235 2552 iu
258 2486 326 2552 illis
348 2486 453 2552 futuri
477 2486 706 2554 coniunctivus
729 2507 795 2554 nou
818 2487 967 2570 ponitur:
981 2489 1026 2576 1)Ἰ

244 2594 294 2659 Pl.
319 2594 419 2660 Merc.
451 2594 517 2662 586
551 2613 615 2676 sq.:
647 2595 760 2661 Metuo
792 2614 853 2678 ego
884 2594 950 2661 iam
980 2615 1131 2680 uxorem,
1164 2596 1268 2664 crassi

929 2704 1175 2788 mmereffiemt

639 2810 689 2876 Ne
712 2810 804 2876 illam
827 2809 881 2876 hic
903 2812 1053 2891 offendet.

311 2917 422 2983 Aulul.
447 2919 528 2984 609:
554 2918 627 2985 Non
651 2922 762 2984 metuo
786 2936 827 2983 ne
851 2917 1024 3000 quisquam
1048 2921 1198 2986 inueniat.

246 3025 319 3090 Ter.
336 3025 466 3091 Phorm.
480 3026 563 3092 325:
587 3025 721 3109 Vereor,
735 3045 776 3092 ne
789 3025 896 3092 istaec
909 3025 1070 3094 fortitudo
1084 3027 1118 3093 iu
1131 3047 1266 3095 nervom

858 3133 1175 3216 mmmmdmmm.

695 3296 769 3380 §a

291 3419 335 3488 Si
380 3422 430 3487 ad
476 3425 651 3503 tempus
696 3421 960 3487 sententiae
1006 3420 1265 3505 primariae,

202 3527 330 3595 cuins
364 3528 489 3597 actio
524 3529 568 3595 in
602 3529 864 3612 praeterito
904 3534 992 3611 est,
1034 3526 1266 3611 cogitatio

222 3691 241 3753 ¹)
269 3691 397 3744 Kuehner
423 3691 469 3756 (ll.
488 3696 503 3755 ξ
523 3692 584 3758 189)
611 3691 678 3744 llaec
704 3691 848 3744 enuntiata
874 3707 934 3743 esse
959 3690 1158 3756 interrogativa
1187 3691 1265 3744 dicit.

273 3778 327 3834 Sed
337 3797 367 3833 eo
377 3779 478 3835 omisso
491 3781 562 3849 quod
576 3781 729 3849 particulae
742 3782 807 3846 ‚‚ne“
819 3780 962 3849 productio
974 3781 1157 3848 suspicionem
1170 3782 1267 3845 movet,

273 3886 322 3923 cur
339 3871 463 3925 futurum
475 3869 504 3924 in
517 3871 671 3923 enuntiatis
683 3870 828 3939 particulis
841 3877 896 3936 „ut
910 3871 960 3923 ne“
974 3870 1124 3924 instructis
1138 3871 1266 3935 evitetur,

272 3959 302 4013 in
321 3958 473 4014 enuntiatis
492 3961 584 4013 autem
603 3975 672 4028 quae
690 3961 849 4028 pronomina
866 3959 908 4012 vel
927 3958 1055 4012 adverbia
1067 3959 1267 4026 interrogativa

273 4050 306 4101 ut
324 4051 486 4117 „quorsum“
506 4049 651 4102 continent
682 4051 799 4118 ponatur
832 4049 904 4115 (Ter.
930 4048 1030 4102 Heaut.
1057 4048 1122 4114 5693
1150 4047 1206 4103 Cic.
1232 4047 1265 4100 ad

274 4136 359 4192 Attio.
378 4137 429 4202 111,
448 4138 492 4205 21)
511 4145 637 4207 ponatur,
657 4155 710 4191 non
729 4137 871 4206 intellego.

110 4384 113 4389 ’
206 4386 381 4488 Α
