2940 4778
696 281 737 346 47

273 478 316 543 II.
352 475 387 542 si
402 476 527 540 uerbum
545 496 655 558 reyeus
670 474 835 558 significat
853 476 1016 542 actionem
1035 476 1249 558 praeteritum,

183 583 402 666 imperfectum
425 588 548 648 tautum
576 589 610 646 et
631 583 981 665 plusquamperfectum
1010 583 1044 647 in
1068 583 1251 650 enuntiatis

184 689 388 757 secundariis
405 709 476 757 cum
498 688 556 755 inf.
574 689 713 771 perfecti
729 688 914 756 coniunctis
929 694 1104 771 ponuntur.
1140 690 1250 772 Atque

184 795 282 863 testis
305 801 358 862 cst

227 902 277 970 Pl.
302 905 402 970 Merc.
427 906 470 970 67
495 921 559 984 sq.:
585 908 685 984 atque
709 903 872 985 extemplo
890 903 975 986 inde,
1000 909 1039 970 ut
1053 905 1253 986 spectavisset

1020 1010 1161 1094 peplum,

397 1118 468 1183 Rus
491 1136 603 1183 iusum
626 1117 800 1184 confestim
824 1117 912 1201 exigi
935 1119 1062 1184 salttum
1086 1138 1106 1183 a
1129 1123 1234 1200 patre.

295 1226 395 1290 Merc.
419 1227 460 1291 73
486 1242 570 1306 sqq.:
595 1227 774 1307 Postquam
797 1229 926 1291 recesset
955 1225 1027 1292 vita
1050 1225 1158 1308 patric
1179 1245 1250 1292 ccr-

1073 1352 1161 1417 perc,

468 1441 593 1522 Agrum
618 1459 652 1505 se
675 1440 851 1506 ueueticttsse
874 1446 974 1521 atque
998 1461 1038 1506 ea
1062 1440 1201 1522 pecunia

465 1548 600 1630 Navem,
624 1552 785 1612 metretas
809 1566 892 1628 quae
917 1552 1086 1613 trecentas
1109 1548 1236 1630 tolleret,

468 1653 620 1736 Pcrcsse,
655 1660 754 1736 atque
785 1671 826 1720 ea
861 1672 896 1720 se
932 1655 1050 1720 mercis
1084 1659 1252 1721 vectatum

466 1977 557 2043 Adeo
582 1977 673 2058 dum,
699 1981 875 2058 quactum
905 1975 1058 2058 haberet,
1079 1977 1254 2058 uetuisset
1300 1985 1303 1990 '

1066 2083 1162 2149 bona.

186 2191 241 2272 qui
282 2190 347 2257 loci
387 2192 532 2274 pendent
573 2211 613 2257 ex
652 2191 780 2257 dicendi
815 2189 1056 2274 significatione
1097 2190 1252 2257 infinitivi

187 2298 336 2364 historici
361 2300 553 2383 „negitare‘
579 2319 608 2366 v.
634 2301 677 2365 55
701 2319 759 2381 pro
785 2300 963 2381 imperfecto
986 2298 1095 2381 positi.

190 4000 232 4055 Ad
253 4001 267 4067 ᾗ
288 4001 311 4056 l.
330 4002 347 4051 3
366 3967 506 4055 addendus
525 4004 568 4054 cst
586 4017 679 4054 versus
700 4001 760 4055 Ter.
780 4000 864 4055 Andr.
884 3999 950 4053 258:

316 4090 392 4155 Quod
407 4092 431 4143 si
446 4108 495 4158 ego
508 4090 653 4144 rescissem
672 4091 700 4144 id
720 4091 804 4158 prius,
824 4090 889 4158 quid
910 4090 1036 4151 tacerem,
1057 4087 1080 4141 si
1101 4087 1162 4156 quis
1181 4102 1253 4141 nuuc

1034 4194 1077 4230 mc
1095 4179 1183 4242 roget.
