2940 4778
718 277 762 342 39

202 488 361 552 praesens
394 468 565 536 consilium
602 469 777 552 referatur,
815 469 1002 552 praesentis
1039 471 1271 539 coniunctivus

205 597 277 644 eum
300 576 464 643 infinitivo
489 577 684 643 conectitur.
732 577 857 643 Eadem
881 583 934 643 est
956 576 1043 643 ratio

250 686 323 750 Ter.
334 685 457 778 Heaut.
472 686 533 749 147
548 703 609 769 sq.:
624 684 758 750 Decrevi
767 684 932 767 tantisper
941 704 993 750 me
1002 683 1110 750 minus
1122 684 1273 769 iniuriae,

418 791 583 874 Chremes
608 811 679 858 meo
702 794 804 874 gnato
829 791 948 874 facere,
974 793 1049 858 dum
1069 795 1149 874 plara
1163 791 1272 858 miser.

295 896 478 982 „Decrevi“
503 897 626 964 dietum
649 903 762 964 estut
786 897 841 982 „in
865 918 905 965 ea
930 898 1096 965 sententia
1121 903 1224 965 sum.“

295 1022 486 1089 Infinitivus
509 1029 621 1089 autem
637 1023 824 1106 praesentis
839 1024 985 1107 perlecto
1004 1024 1177 1108 „memini‘
1197 1025 1274 1091 sub-

204 1131 312 1198 iectus
323 1149 389 1197 non
406 1131 448 1197 ad
463 1136 670 1213 praesentem
686 1131 784 1197 huius
795 1131 935 1214 perfecti
951 1138 1105 1199 eventum
1120 1131 1273 1216 refertur,

205 1239 263 1305 sed
287 1257 358 1304 eum
382 1237 565 1320 praeterita
588 1258 673 1323 quae
697 1244 749 1304 est
772 1238 804 1305 in
829 1239 976 1321 perlecto
1000 1239 1132 1305 actione
1142 1240 1165 1326 ¹)
1197 1259 1274 1306 eon-

204 1345 336 1412 iunetus
359 1351 428 1411 tum
452 1344 547 1411 simul
571 1345 697 1430 aliquid
719 1365 793 1412 esse
816 1346 940 1412 factum
965 1347 1018 1413 vel
1042 1346 1145 1412 fuisse
1170 1345 1271 1430 signi-
1335 1396 1343 1411 .

203 1455 291 1520 ficat.
338 1454 456 1536 Itaque
481 1452 656 1519 enuntiata
671 1472 799 1538 quoqne
822 1453 1018 1520 secundaria
1034 1453 1196 1522 infinitivo
1214 1455 1272 1520 ad-

204 1560 318 1626 iuncta
349 1560 391 1626 ad
422 1559 637 1642 praeteritum
668 1559 759 1625 illius
790 1560 932 1628 aetionis
963 1567 1092 1644 tempus
1123 1561 1274 1630 revocari

206 1672 462 1736 consentaneum
487 1672 556 1734 est:

248 1794 298 1859 Pl.
323 1794 414 1859 Pers
441 1793 504 1859 118
529 1812 593 1878 sa:
620 1793 809 1860 Memini...

364 1900 411 1967 Et
432 1905 467 1966 te
491 1919 541 1965 me
567 1919 662 1966 orare
686 1899 822 1966 etmihi
845 1920 911 1967 non
935 1920 1008 1967 esse
1032 1903 1119 1985 quod
1142 1903 1261 1968 darem.

252 2008 324 2074 Ter.
350 2008 473 2073 Heaut.
499 2009 564 2074 626
589 2025 654 2091 sq.:
691 2008 894 2074 Meministin
924 2027 974 2074 me
1006 2027 1079 2074 esse
1103 2009 1273 2092 gravidam

589 2114 724 2180 etmihi
748 2120 782 2180 te
806 2132 955 2181 maxumo
980 2134 1078 2197 opere
1102 2114 1231 2182 edicere

419 2221 454 2288 si
477 2221 621 2304 puellam
642 2243 799 2305 parerem,
823 2222 913 2288 nolle
938 2222 1036 2289 tolli?

205 2348 367 2430 Tempora
390 2346 581 2430 praeterita,
606 2352 645 2412 ut
668 2365 768 2429 supra
792 2349 824 2433 (ξ
840 2348 874 2434 3)
891 2347 1075 2430 expositum
1091 2354 1153 2432 est,
1180 2349 1273 2434 sequi

204 2459 315 2536 potest
336 2453 523 2537 praesentis
547 2453 776 2521 coniunctivae
798 2453 832 2519 in
860 2453 903 2519 iis
926 2454 1110 2521 enuntiatis
1132 2475 1269 2540 quorum

206 2561 391 2629 sententiae
424 2561 523 2628 etiam
557 2560 697 2628 dicentis
730 2566 876 2645 tempore
909 2562 1032 2628 valent.
1091 2564 1201 2648 Atque
1224 2562 1274 2629 ita

204 2669 406 2752 interpretor
429 2675 559 2752 tempus
581 2669 672 2735 hisce
696 2669 730 2735 in
755 2669 921 2736 versibus:

248 2777 298 2844 Pl.
322 2777 442 2843 Bacch.
467 2777 533 2843 575
558 2795 622 2863 sep:
653 2777 748 2843 Nunc
778 2796 828 2842 me
858 2777 906 2843 ire
937 2777 1030 2843 iussit
1059 2779 1102 2844 ad
1132 2797 1203 2844 eam
1238 2783 1274 2843 et

949 2883 1183 2967 percontarier,

463 2991 581 3058 Utrum
605 3010 719 3057 aurum
734 2991 847 3056 reddat
862 3010 947 3057 anne
964 2996 1014 3058 eat
1030 3009 1139 3057 secum
1157 2992 1269 3058 semul.

315 3100 402 3165 Men.
434 3100 498 3166 453
530 3117 594 3184 sup:
632 3099 705 3164 Non
735 3100 776 3165 ad
805 3119 877 3165 eam
906 3119 974 3165 rem
1005 3099 1115 3166 hercle
1148 3099 1273 3167 otiosos

774 3205 922 3273 homines
945 3208 1049 3274 decuit
1071 3206 1182 3290 deligi,

463 3314 526 3399 Qui
564 3313 628 3379 nisi
667 3313 779 3380 adsint
817 3333 912 3399 quom
952 3314 1112 3398 citantur,
1152 3334 1270 3380 census

449 3460 453 3468 ·
928 3423 1059 3503 capiunt
1080 3421 1183 3488 ilico?

313 3530 381 3596 Mil.
407 3530 450 3614 gl.
476 3533 539 3597 971
566 3549 628 3614 sa:
667 3529 761 3594 Nune
791 3534 825 3594 te
855 3533 1073 3614 orarentque
1098 3530 1271 3596 obsecrare

841 3637 944 3719 iussit,
968 3642 1006 3702 ut
1029 3635 1078 3701 tui
1101 3635 1227 3719 copiam

462 3744 531 3812 Sibi
554 3749 818 3829 potestatemque
843 3745 958 3827 terias.

241 4042 261 4110 ¹)
289 4041 345 4098 Cir.
364 4042 455 4095 Haase
473 4041 508 4095 ad
526 4041 645 4109 Reisigii
663 4041 869 4111 „dlorIeluugeu
888 4041 954 4096 iiber
975 4039 1123 4110 lateiuilripe
1150 4040 1270 4110 eptae,

293 4129 489 4200 miliariorum
508 4133 564 4185 net.
584 4131 643 4184 454.
