2940 4778
714 277 755 340 13

201 469 478 537 secundaria
523 477 791 552 revocatur,
840 469 1065 552 imperfectum
1105 475 1140 537 et
1178 471 1268 553 plus-

201 577 480 660 quamperfectum
503 577 694 660 plerumque
717 581 934 659 usurpantur:
966 577 1158 660 imperfecto
1182 578 1268 646 indi-

201 691 296 755 catur
318 685 409 751 illios
433 685 648 769 cogitationis
671 685 835 752 actionem
859 686 973 751 eodem
996 691 1097 767 atque
1120 686 1269 768 primarii

200 795 365 861 actionem
388 799 545 877 tempore,
570 793 892 877 plusquamperfecto
909 800 1019 861 autem
1037 799 1183 878 tempore
1200 800 1269 861 tum

200 900 266 967 iam
289 901 471 985 praeterito
495 901 619 968 factam
643 920 726 968 esse.
763 903 828 969 Sed
853 901 881 966 si
897 901 927 967 is
950 903 1006 983 qui
1029 901 1110 969 dicit
1135 908 1269 968 senten-

200 1008 281 1075 tiam
306 1009 463 1092 effingere
487 1009 560 1076 vult
591 1010 702 1092 talem,
738 1009 831 1075 cuius
862 1008 1026 1075 actionem
1057 1008 1091 1074 in
1123 1008 1268 1076 futurum

202 1117 321 1183 cadere
346 1116 528 1183 subiectum
552 1117 699 1199 primarii
724 1115 932 1200 cogitaverit,
958 1116 1062 1181 futuri
1087 1116 1270 1182 coniuncti-

200 1243 276 1290 vum
299 1223 448 1290 abhiberi
471 1241 557 1289 unus
581 1225 668 1306 apud
692 1223 883 1290 Terentium
907 1222 1000 1289 locus
1023 1225 1232 1305 comprobat:

244 1331 365 1397 Heaut.
390 1333 472 1398 569:
498 1333 545 1398 Ut
567 1332 743 1413 quidem...
761 1330 873 1414 metui,
894 1330 971 1412 quid
987 1329 1161 1412 foloraca..
1174 1333 1270 1397 esset!

202 1438 282 1502 Cum
305 1437 495 1520 imperfecto
520 1439 632 1522 igitur,
657 1439 803 1521 perfecto
827 1438 994 1520 historico,
1020 1439 1268 1520 plusquamper-

75 1582 81 1590 ·
204 1544 290 1610 fecto
314 1545 506 1628 regentibus
522 1545 705 1628 imperfecti
723 1552 758 1612 et
777 1544 1091 1628 plusquamperfecti
1115 1543 1268 1613 coniunc-

201 1652 290 1718 tivus
313 1653 479 1719 enuntiati
503 1653 690 1720 secundarii
714 1653 933 1736 coniungitur.

288 1760 383 1844 Quod
405 1761 488 1827 haec
513 1761 706 1828 confirment
729 1761 892 1842 exempla:

298 1869 301 1874 ’
351 1866 400 1935 Δ.
439 1869 533 1952 Quae
558 1868 602 1933 sit
625 1868 813 1934 consecutio
839 1872 1020 1949 temporum
1043 1872 1119 1949 post

440 1973 442 1978 ’
575 1974 902 2056 imperfectum.
1033 1994 1035 1999 ’

243 2082 293 2149 Pl.
318 2083 434 2164 Amph.
455 2083 560 2149 1096:
584 2084 696 2149 Aedes
711 2087 804 2149 totae
821 2082 1057 2166 confulgebant
1072 2088 1151 2149 tuae
1174 2082 1269 2165 quasi

920 2195 1022 2257 essent
1045 2209 1175 2257 aureae.

312 2297 451 2364 Pseud:
477 2299 558 2364 912:
584 2297 682 2363 nimis
704 2300 898 2381 metuebam,
924 2318 965 2364 ne
990 2299 1114 2364 odisses.

313 2403 402 2470 Trin.
428 2405 508 2472 657:
534 2406 664 2472 Scibam
686 2411 726 2472 ut
748 2425 821 2472 esse
845 2425 896 2471 me
919 2407 1046 2473 deceret.

311 2513 401 2578 Pers
427 2515 508 2581 433:
534 2513 653 2580 Mirum
677 2513 755 2595 quin
780 2513 840 2579 tibi
864 2533 925 2597 ego
950 2515 1176 2580 malacae...

245 2618 292 2685 Iis
315 2620 466 2687 versibus
490 2623 692 2688 antecedunt
715 2623 833 2689 verba:
861 2620 915 2704 „id
939 2621 1000 2686 tibi
1024 2619 1205 2703 succensui,

364 2728 450 2813 Quia
473 2734 506 2794 te
530 2731 678 2812 negabas
702 2730 836 2795 credere
860 2735 1033 2811 argentum
1051 2727 1164 2794 mihif‘

289 2835 400 2916 Atque
424 2836 467 2901 ad
490 2835 523 2902 id
547 2842 676 2918 tempus
700 2856 762 2917 quo
787 2834 905 2901 Toxilo
935 2835 1032 2902 fidem
1060 2854 1125 2902 nou
1153 2833 1270 2901 habuit

203 2946 357 3021 spectans
372 2943 539 3008 Dordalus
554 2943 679 3010 ironice
696 2945 889 3026 respondet:
919 2943 1054 3028 „Mirum
1073 2943 1172 3030 (erat)
1189 2941 1268 3037 quin

199 3045 246 3111 ibi
292 3050 374 3114 cet.“
417 3049 471 3116 Sic
508 3049 611 3133 igitur
643 3055 696 3116 est
727 3051 936 3118 vertendum:
972 3050 1017 3119 (tt
1048 3065 1113 3118 tour
1140 3048 1267 3136 mirifici)

199 3155 397 3238 muobetbut,
430 3157 489 3243 bob
521 3156 681 3245 nitbt...!
719 3157 829 3242 „sive“
864 3168 896 3227 et
930 3158 1011 3244 bttte
1046 3159 1114 3245 nod]
1148 3157 1266 3244 gelabit,

200 3263 340 3348 bob...!
380 3265 526 3349 Quocum
546 3267 619 3333 loco
643 3271 827 3350 congruunt
849 3267 948 3332 Merc.
975 3267 1049 3348 204,
1076 3266 1166 3331 Trin.
1191 3268 1266 3345 967,
1337 3271 1340 3276 ’

201 3372 299 3439 Most.
324 3375 400 3456 493,
425 3373 481 3438 ubi
504 3394 562 3456 pro
586 3393 624 3440 eo
645 3375 731 3456 quod
752 3378 805 3440 est
828 3373 862 3441 in
886 3373 979 3439 libris
1004 3373 1130 3439 ‘mirum
1148 3372 1212 3454 qui’
1227 3391 1269 3437 ex

202 3484 293 3545 certa
302 3480 441 3563 Pyladis
452 3481 642 3548 coniectura
655 3487 746 3548 recte
757 3481 866 3548 editur
883 3480 1007 3548 ‘mirum
1020 3480 1119 3563 quin’.
1144 3480 1268 3561 Imper-

201 3584 281 3651 fecti
313 3593 423 3654 autem
452 3587 681 3656 coniunctivus
713 3590 871 3671 quomodo
907 3587 952 3654 sit
987 3587 1266 3670 interpretandus,

200 3692 334 3760 difficile
357 3700 410 3761 est
433 3696 568 3779 cognitu
584 3716 626 3762 ex
642 3715 680 3762 eo
697 3698 784 3779 quod
805 3697 845 3764 R.
863 3697 1021 3763 Kuehner
1036 3698 1076 3763 de
1093 3693 1182 3760 Tria.
1201 3697 1266 3761 967

201 3806 343 3867 annotat
352 3803 375 3890 1)
398 3808 533 3869 vertens
560 3813 612 3885 „eo
636 3807 717 3872 tetre
741 3803 807 3891 boob
831 3802 1022 3882 norbertus,
1040 3801 1165 3887 ΜΗ
1181 3802 1267 3868 unde

202 3964 414 3975 ——..

220 4053 239 4119 ¹)
272 4051 462 4123 Mustbbotitbe
481 4053 656 4111 drammatit
674 4052 721 4110 bet
740 4053 832 4111 Iotn'n.
853 4052 984 4124 &prada
1002 4053 1038 4118 11,
1058 4052 1150 4120 5191,
1170 4069 1196 4121 p.
1215 4052 1267 4106 833

271 4145 329 4195 not.
348 4142 372 4195 4.
