2940 4778
713 293 757 360 36

313 488 403 555 Pers
431 489 494 556 135
519 506 583 572 sq.:
608 489 709 554 Immo
735 487 835 553 alium
859 487 1068 570 adlegavero,

364 659 367 666 ,
416 597 480 681 Qui
497 596 630 679 vendat,
651 594 707 676 qni
723 613 796 661 esse
812 612 848 662 se
864 595 1072 678 peregrinum
1087 594 1266 677 praedicet.

247 705 321 770 Ter.
346 705 447 771 Andr.
472 706 536 771 381
563 721 627 786 so:
653 702 776 769 dictum
800 722 839 768 ac
861 702 986 769 facturn
1008 701 1174 769 invenerit

416 810 570 893 Aliquam
593 828 735 893 causam,
760 829 855 891 quarn
881 810 992 877 obrem
1015 809 1117 876 eiciat
1139 808 1268 893 oppido.

313 919 433 987 Heaut.
461 919 541 986 108:
566 918 638 1002 Ego
662 919 749 999 quod
771 936 823 985 me
845 916 880 984 in
896 922 930 984 te
948 916 1119 987 sittacene
1135 916 1269 1000 dignum

1009 1043 1176 1094 1nvenero.

697 1198 770 1281 §a

296 1329 519 1412 Investiganti
542 1348 626 1412 quae
651 1329 696 1395 sit
719 1328 950 1397 convenientia
972 1333 1153 1413 temporum
1176 1326 1270 1395 iniis

202 1437 384 1504 enuntiatis
396 1454 480 1519 quae
503 1442 663 1520 reguntur
688 1436 934 1520 infinitivis
954 1436 1042 1503 inter
1059 1435 1198 1520 perfecti
1217 1435 1268 1502 in-

203 1544 369 1612 finitivum
385 1549 420 1610 et
435 1544 622 1625 praesentis
637 1564 677 1611 ac
692 1543 796 1611 futuri
812 1549 865 1611 est
879 1544 1136 1612 discernendum.
1152 1621 1156 1628 .
1183 1544 1268 1612 Nam

200 1671 273 1718 curn
296 1651 494 1719 infinitivum
524 1652 664 1736 perfecti
695 1653 810 1719 eadem
840 1672 924 1734 quae
952 1651 1058 1735 ipsum
1084 1651 1268 1736 perfeetum

200 1764 349 1842 tempora
382 1759 571 1843 plerumque
608 1760 737 1843 quidem
774 1763 971 1844 sequantur,
1010 1759 1197 1843 praesentis
1232 1763 1268 1825 et

199 1865 303 1933 futuri
325 1867 510 1935 infinitivus
539 1869 633 1935 modo
664 1868 850 1951 praesentis
880 1870 974 1936 modo
1003 1866 1177 1951 praeteriti
1200 1866 1267 1934 vim

199 1974 308 2042 habet.

288 2081 493 2152 Infinitivunn
516 2082 603 2151 enim
625 2083 812 2167 praesentis
835 2085 1034 2165 eodemque
1059 2082 1147 2150 actio
1172 2080 1266 2149 verbi

199 2189 396 2258 infinitivum
428 2191 575 2275 regentis
608 2196 755 2274 tempore
788 2191 913 2274 aliquid
944 2191 1032 2275 fieri,
1066 2190 1266 2258 infinitivum

199 2297 302 2367 firturi
335 2299 459 2367 actioni
493 2299 585 2366 verbi
620 2300 767 2383 regentis
801 2299 902 2366 aliam
936 2318 1009 2366 esse
1040 2316 1266 2366 successuram

201 2406 387 2491 significare
411 2411 551 2474 constat.
599 2408 717 2490 Itaque
748 2407 919 2488 utriusque
949 2406 1105 2474 infinitivi
1137 2412 1267 2488 tempus

200 2535 270 2581 curn
303 2520 448 2598 tempore
481 2514 573 2582 verbi
603 2515 750 2597 regentis
780 2513 945 2582 artissime
976 2514 1132 2582 cohaeret
1162 2531 1266 2595 eoque

198 2622 363 2705 definitur,
388 2642 453 2704 qua
476 2642 517 2689 ex
532 2641 568 2688 re
584 2622 735 2705 efficitur,
753 2627 790 2690 ut
806 2642 877 2688 cum
898 2622 995 2690 huius
1010 2622 1103 2690 verbi
1118 2626 1265 2704 tempore

199 2733 329 2813 tempus
352 2729 517 2796 enuntiati
541 2729 726 2797 secundarii
750 2730 948 2797 concordare
971 2748 1107 2797 necesse
1132 2728 1185 2795 sit.

288 2838 394 2921 Quam
423 2837 529 2920 legem
560 2838 647 2921 apud
676 2837 831 2904 Plautum
866 2843 901 2904 et
930 2836 1121 2904 Terentium
1151 2835 1265 2903 valere

200 2943 358 3026 exemplis
382 2945 589 3012 confirmabo.

287 3048 336 3119 Δ.
374 3052 484 3132 Atque
504 3051 642 3134 primum
665 3051 794 3133 quidem
825 3051 908 3118 talia
938 3051 1088 3134 exempla
1118 3049 1264 3133 afferam,

199 3157 233 3224 iu
257 3157 374 3239 quibus
397 3157 603 3224 enuntiatum
636 3158 863 3226 secundarium
894 3178 966 3227 cum
996 3156 1266 3242 praesentis

199 3263 449 3333 infinitivo
475 3263 683 3332 coniunctum
708 3265 752 3331 sit

289 3410 320 3458 a
344 3391 375 3456 Α
398 3390 640 3473 praesenti
662 3392 785 3474 pendet
806 3391 1006 3460 infinitivus:

244 3497 294 3565 Pl.
324 3497 418 3564 Asin.
451 3500 514 3565 149
546 3516 610 3580 so:
647 3516 688 3564 ne
716 3498 750 3565 id
780 3499 909 3581 quidem
945 3517 996 3566 me
1026 3497 1159 3581 dignum
1190 3515 1264 3564 esse

997 3605 1176 3672 existumat

413 3712 518 3796 Quem
541 3713 650 3795 meat,
674 3731 768 3800 quem
785 3714 1002 3795 conloquatur
1017 3712 1157 3799 quoique
1176 3712 1263 3780 irato

989 3820 1174 3903 supplicet?

310 3925 378 3991 Mil.
396 3924 439 4007 gl.
455 3927 514 3993 72:
531 3924 669 3994 Videtur
681 3932 809 4011 tenipus
821 3945 904 4011 esse,
918 3932 956 3996 ut
967 3946 1080 3995 eamus
1092 3929 1134 3995 ad
1145 3928 1261 3995 forum.

311 4032 411 4097 Stich.
438 4034 503 4098 419
528 4050 593 4114 so:
619 4033 686 4099 scio
712 4033 795 4099 scire
819 4038 852 4100 te

415 4139 518 4212 Quam
543 4139 665 4206 multas
689 4146 794 4207 tecum
819 4141 969 4207 miserias
993 4141 1212 4210 mulcaverim.
