2940 4778
705 275 724 338 7

271 470 334 535 His
362 469 464 552 igitur
496 469 606 535 tausis
637 473 819 535 commotus
845 470 886 535 de
910 469 1142 575 consecutione
1166 488 1251 551 quae

183 576 304 643 dicitur
327 584 508 659 temporum
523 575 681 643 Plautina
697 581 732 641 et
748 575 951 641 Terentiana
967 575 1073 643 fusius
1088 577 1251 643 disserere

184 703 250 749 non
274 683 432 750 dubitavi.
480 685 519 748 In
543 704 583 750 ea
606 682 825 765 perquirenda
841 683 927 750 hane
944 702 1063 765 sequar
1078 683 1250 767 rationem,

184 796 222 856 ut
244 791 381 873 primunr
398 790 555 872 exemplis
571 789 685 856 allatis
701 795 921 872 cognoscatur
935 809 1016 857 usus
1032 792 1118 873 apud
1134 797 1251 873 poetas

138 967 140 971 .
185 897 349 981 solemnis,
374 897 491 963 deinde
515 897 570 978 qui
593 897 660 963 looi·
681 917 809 978 quaque
833 899 874 964 de
898 917 999 964 eausa
1021 918 1094 983 rneo
1120 898 1249 979 quidem

183 1005 304 1072 iudicio
328 1005 404 1071 huie
426 1004 500 1071 usui
524 1006 742 1072 adversentur
765 1006 915 1072 addatur.

680 1259 752 1341 qr.

272 1366 312 1431 In
336 1364 484 1431 omnibus
507 1364 576 1430 fere
605 1363 789 1431 enuntiatis
822 1364 1025 1431 secundariis
1055 1384 1139 1446 quae
1171 1383 1248 1431 oon-

184 1471 365 1539 iunotivum
403 1471 608 1554 postulantia
653 1472 876 1555 praesenti
923 1477 1069 1554 ternpore
1105 1471 1251 1557 (praeter

184 1578 375 1645 historicum
408 1597 581 1661 praesens,
621 1579 686 1645 vid.
722 1581 741 1663 ἓ
776 1582 810 1666 6)
849 1584 1022 1662 reguntur,
1055 1578 1089 1646 id
1120 1578 1253 1661 ponitur

185 1692 349 1768 tempus
380 1687 493 1767 quod
525 1691 612 1752 turn
645 1705 818 1768 quoque
853 1686 889 1752 si
920 1686 1008 1752 illa
1039 1705 1123 1752 non
1154 1704 1252 1768 pen-

183 1793 677 1861 derentadhiberetur.

275 1905 302 1967 1.
320 1920 324 1928 ·
352 1902 461 1982 Atque
484 1900 623 1983 primum
643 1900 771 1981 quidem
788 1899 890 1966 liceat
906 1900 983 1965 1111111
999 1919 1122 1982 paucos
1139 1920 1252 1968 eorum

183 2011 345 2089 locorunr,
385 2006 504 2089 quibus
534 2007 719 2089 praesentis
754 2009 807 2075 vel
845 2007 984 2090 perfecti
1022 2007 1252 2076 coniunctivus

184 2115 333 2197 sequitur
357 2133 525 2197 praesens,
550 2114 684 2180 afferre:

227 2221 277 2287 Pl.
296 2221 385 2287 Trin.
408 2223 470 2288 140
489 2239 556 2302 sqq.
568 2223 609 2310 ¹):
628 2221 760 2306 Subigis
774 2221 961 2289 maledictis
975 2242 1027 2289 me
1044 2222 1120 2306 tuis
1138 2225 1251 2307 Mega-

610 2527 656 2593 Ut
680 2525 758 2592 rnihi
777 2544 917 2592 necesse
940 2528 1002 2592 sit.
1018 2579 1047 2593 ..

228 2636 301 2701 Ter.
315 2637 416 2702 Andr.
431 2636 514 2702 405:
532 2633 596 2701 Hie
607 2652 695 2700 nune
706 2652 772 2701 non
786 2634 925 2726 dubitat,
939 2633 1018 2715 quin
1031 2640 1064 2701 te
1077 2636 1251 2702 ducturum

1061 2764 1162 2826 nepes.
1272 2738 1275 2742 “

272 2849 373 2915 Dicat
395 2848 539 2914 fortasse
561 2848 724 2931 quispiam
753 2849 841 2914 hune
862 2849 971 2915 locum
1001 2849 1117 2932 legens
1146 2849 1250 2916 futuri

184 2954 426 3050 coniunctivurn
460 2955 656 3038 exspectari.
709 2957 756 3022 At
786 2955 954 3039 praesenti
985 2956 1092 3022 utitur
1123 2975 1248 3041 servus,

183 3063 261 3145 quia
284 3082 302 3129 e
327 3063 415 3129 senis
438 3063 549 3130 verbis
571 3081 688 3130 versus
704 3062 933 3129 antecedentis
949 3083 1023 3130 eum
1040 3065 1174 3131 eredere
1199 3064 1250 3130 in-

183 3171 314 3254 tellegit
330 3170 536 3253 Pamphilum
552 3190 638 3238 nuno
658 3190 730 3237 oum
748 3189 843 3238 servo
861 3170 1099 3238 deliberantem
1115 3162 1247 3255 negare.

228 3280 300 3345 Ter.
320 3280 399 3344 Heo.
418 3280 497 3345 101:
524 3280 581 3345 sed
604 3278 717 3344 firnrae
740 3279 803 3344 hae
826 3297 944 3346 vereor
967 3285 1005 3345 ut
1020 3280 1085 3345 sint
1098 3279 1244 3362 nuptiae.

226 3388 275 3453 Ρ1.
302 3385 392 3453 Τ1111.
417 3388 483 3454 210
507 3405 571 3468 sq.:
603 3385 739 3453 Falson'
772 3404 814 3451 an
840 3403 916 3454 vero
941 3388 1082 3470 laudent,
1107 3387 1246 3469 1111111111,

244 3579 248 3589 ι
924 3513 1019 3576 quem
1042 3493 1158 3576 velint,

197 3668 200 3675 ,
340 3604 414 3669 Non
426 3602 519 3669 flocci
536 3601 672 3684 faciunt,
690 3603 767 3668 durn
785 3601 868 3668 iliud
891 3603 978 3684 quod
997 3601 1111 3668 lubeat
1133 3603 1246 3668 11111111.

202 3800 222 3862 ¹)
249 3800 356 3855 Inloois
364 3801 484 3855 citandis
494 3800 644 3855 editionem
653 3799 727 3855 Frid.
737 3799 894 3865 Ritsolrelii‚
905 3799 1005 3868 partim
1017 3800 1051 3852 ab
1063 3816 1092 3853 eo
1102 3798 1162 3867 ipso
1171 3814 1248 3852 oura-

254 3892 317 3955 tam‚
333 3891 435 3959 partim
449 3908 465 3944 a
480 3891 564 3946 sotiis
579 3891 638 3945 eius
647 3890 761 3955 Loewio,
772 3887 894 3955 Goetzio‚
907 3888 1043 3943 Sehoallio
1055 3889 1244 3943 continuatam

253 3980 308 4032 sivo
315 3980 485 4047 recognitam
493 3982 605 4034 secutus
615 3996 683 4034 sum.
697 3980 803 4034 Paucos
811 3983 904 4034 antem
914 3977 1029 4034 Catinae
1038 3981 1066 4031 ot
1075 3976 1249 4033 Cistellariae

252 4084 345 4121 versus
365 4068 484 4123 editione
503 4070 524 4123 I.
544 4069 573 4123 L.
592 4069 717 4137 Ussingii
738 4086 804 4122 usus
823 4069 915 4123 attuli.

322 4157 389 4212 Loei
408 4158 531 4212 Terentii
551 4175 585 4212 ex
604 4158 725 4213 editione
744 4158 787 4214 rr.
806 4157 1018 4239 Umpfenbaehii
1037 4157 1169 4212 citantur.
