2940 4778
720 282 740 346 8

240 477 312 541 Ter.
338 476 458 542 Heaut.
485 477 567 542 555:
592 496 676 557 quae
699 478 741 541 sit
763 475 835 542 eins
859 481 963 557 aetas,
988 475 1091 542 vides,

238 584 287 648 Pl.
313 583 422 649 Aulul.
451 586 514 649 729
539 603 603 664 sq.:
629 602 716 648 nune
739 582 783 648 mi
807 583 1011 663 incertumst,
1088 584 1260 672 11111111

354 691 476 756 Abeunt
499 710 543 757 an
566 712 722 772 maneam,
748 709 792 756 an
815 691 928 755 adeam
950 710 993 756 an
1017 690 1163 775 sapiam:

160 880 163 884 ι
238 799 287 864 Pl.
306 798 396 864 Trin.
414 800 495 865 543:
520 818 616 864 neme
640 803 760 880 exstat,
783 797 899 879 (11111111
916 816 974 864 sex
992 817 1121 864 menses
1138 798 1260 863 vixerit.

239 907 290 973 Pl.
314 908 414 973 llere.
440 907 523 973 385:
548 907 621 972 Non
644 925 763 972 vereor
786 925 827 971 ne
850 905 943 971 illam
966 925 1017 972 me
1041 924 1152 972 amare
1176 904 1229 971 hie

789 1013 931 1094 potuerit
953 997 1171 1100 1·eseiseere.¹)

241 1122 315 1187 Ter.
340 1121 425 1187 Eun.
451 1123 492 1188 81
519 1139 585 1201 sq.:
610 1139 728 1187 vereor
750 1139 792 1186 ne
816 1119 893 1186 illut
915 1119 1052 1202 gravius
1074 1118 1240 1185 Phaedria

357 1228 477 1293 falerii
500 1247 584 1293 neve
608 1227 766 1293 aliorsum
789 1232 889 1310 atque
912 1246 973 1309 ego
1004 1227 1067 1293 feei
1099 1226 1261 1308 acceperit.

237 1335 288 1401 Pl.
305 1335 404 1401 Mene.
424 1336 490 1401 700
506 1353 551 1415 sq.
565 1357 571 1400 :
596 1333 750 1400 Miserior
764 1333 883 1400 mulier
898 1353 949 1400 me
965 1352 1027 1400 uec
1042 1334 1100 1400 fiet
1112 1353 1173 1401 nec
1185 1333 1259 1415 fuit,

358 1442 433 1508 Tali
456 1440 528 1508 vire
552 1461 638 1522 quae
659 1445 833 1523 nupserint.

282 1549 501 1616 Enuntiatum
522 1549 699 1620 relativum
721 1567 794 1615 eum
813 1551 903 1633 „me“
927 1549 1085 1632 ablativo,
1110 1549 1165 1630 qui
1189 1567 1263 1615 sen-

197 1657 337 1724 tentiam
363 1676 480 1740 „quam
503 1676 564 1739 ego
589 1657 680 1721 sum“
707 1655 926 1739 amplectitur,
960 1656 1168 1723 coniunctum
1199 1661 1260 1723 est.

241 1767 314 1832 Ter.
340 1766 461 1832 Heaut.
478 1766 558 1831 554:
584 1763 698 1845 Neque
722 1783 760 1830 eo
781 1782 868 1830 nune
891 1763 974 1847 dieo,
999 1783 1062 1846 quo
1090 1764 1263 1846 quicquam
1373 1786 1379 1799 ·

900 1870 992 1937 illum
1015 1873 1173 1938 senserim.

237 1980 287 2047 Pl.
302 1980 391 2046 Trin.
410 1982 492 2047 207:
516 1980 632 2047 Sciunt
647 1979 726 2061 quid
737 1979 773 2045 in
789 1999 901 2046 aurem
918 1999 977 2045 rex
988 1979 1124 2063 reginae
1137 1981 1262 2048 dixerit.

240 2089 313 2154 Ter.
338 2089 439 2170 Andr.
465 2088 508 2155 35
533 2106 621 2169 sqq.:
647 2107 668 2153 a
690 2086 827 2170 parvolo
851 2092 890 2153 ut
914 2106 1041 2170 semper
1064 2087 1125 2153 tibi

353 2197 445 2278 Aput
468 2214 519 2261 me
542 2194 632 2260 iusta
656 2199 691 2260 et
719 2194 863 2261 clemens
883 2194 984 2275 fuerit
1008 2193 1152 2261 servitus

357 2303 438 2370 Seis.

283 2415 313 2478 2.
362 2411 483 2476 Futurr'
512 2408 714 2477 coniunctivi
732 2408 989 2476 'circumlocutio
1020 2408 1072 2475 his
1103 2409 1259 2477 1111111-

194 2517 344 2586 venitur:

237 2624 286 2692 Pl.
312 2623 406 2706 Epid.
433 2625 516 2690 377:
541 2624 634 2688 Haec
658 2621 752 2689 scitis
774 2622 840 2688 iam
864 2628 902 2689 ut
924 2623 1040 2704 futura
1062 2625 1135 2690 siut.

177 2746 179 2750 “
305 2733 404 2797 Mera.
430 2732 514 2797 572:
540 2729 614 2796 Seis
636 2729 713 2811 quid
737 2735 869 2796 aeturus
891 2731 962 2796 sim.

305 2841 405 2904 Poen.
431 2840 513 2906 817:
551 2839 727 2920 Exspecto,
761 2856 825 2919 quo
858 2843 955 2919 paeto
988 2858 1081 2905 meae
1110 2839 1261 2905 techinae

854 2967 1062 3027 processurae
1084 2948 1172 3013 sient.

306 3055 399 3119 True.
426 3056 491 3120 337
516 3071 579 3133 sq.:
605 3052 700 3134 quasi
724 3053 859 3120 volturii
884 3054 992 3121 triduo

352 3159 451 3226 Prius
473 3159 707 3241 praedivinant
730 3178 792 3240 quo
817 3159 870 3226 die
894 3162 996 3226 essuri
1018 3162 1137 3246 steria)

197 3299 409 3308 ——--

214 3361 234 3426 ¹)
262 3359 389 3413 Brixium
409 3373 507 3427 sequor
525 3357 634 3423 ‚,illam‘⁶
654 3360 807 3411 servantem
825 3358 915 3413 delato
934 3358 1019 3425 „iam“
1034 3357 1144 3425 (Philol.
1159 3361 1208 3413 val.
1223 3360 1257 3412 12

267 3451 302 3517 [a.
323 3448 403 3516 1857]
424 3465 450 3516 p.
469 3448 540 3505 6541

214 3540 235 3606 ⁹)
264 3540 317 3593 Pro
337 3537 460 3592 codicum
479 3538 597 3592 lectione
616 3554 685 3606 „quo
699 3537 743 3591 die
757 3538 831 3592 ausi“
851 3537 1261 3607 urin.Sch0011„quid00m0s-

266 3628 338 3682 suri‘
357 3626 501 3696 proposuit
520 3629 549 3681 et
569 3628 599 3681 in
623 3629 733 3681 textum
755 3628 868 3696 recepit.
893 3626 999 3692 Quibus
1027 3645 1062 3681 ex
1086 3629 1176 3682 verbis
1204 3631 1228 3683 si
1247 3647 1263 3682 a

265 3718 365 3770 Plauto
386 3716 491 3785 scripta
510 3716 566 3770 sint
586 3716 718 3786 quomodo
731 3717 780 3770 illa
793 3716 924 3771 librorum
937 3716 995 3770 sint
1008 3717 1083 3770 faeta
1095 3717 1260 3785 intellegere

266 3823 320 3860 non
338 3821 457 3874 possum.
494 3805 549 3859 Sed
568 3809 600 3859 nt
619 3804 713 3859 eadam
731 3807 839 3860 ratione
861 3809 952 3860 motus
971 3806 1086 3873 Bergkii
1110 3806 1160 3872 „ds
1179 3807 1259 3876 quoio

268 3893 373 3947 essuri“
391 3897 420 3948 at
437 3894 538 3949 Loewii
556 3911 625 3964 „quo
645 3896 704 3949 loeo
725 3897 831 3949 essuri“
853 3895 1025 3949 eonieetnras
1045 3896 1179 3962 omittam,
1193 3897 1261 3950 mihi

266 3982 375 4052 quidem
395 3972 543 4052 ‚,qi10die“
570 3983 643 4052 quod
666 3984 731 4038 libri
756 3985 872 4039 tradunt
896 4001 976 4053 posse
1004 3983 1115 4040 defendi
1144 3985 1261 4041 ridetur.

266 4073 432 4127 Diniarehns
452 4076 524 4129 enim
536 4075 586 4129 illa
597 4076 799 4143 comparatione
812 4075 970 4144 comprobat
983 4077 1156 4144 quamobrem
1170 4078 1256 4142 ‚,iam“

264 4162 440 4230 potissimum
458 4164 491 4218 ab
511 4164 568 4218 illis
587 4163 705 4219 militem
724 4165 882 4232 exspectari
901 4164 1061 4219 contendat.
