<?xml version="1.0" encoding="UTF-8"?>
<!DOCTYPE html PUBLIC "-//W3C//DTD XHTML 1.0 Transitional//EN"
    "http://www.w3.org/TR/xhtml1/DTD/xhtml1-transitional.dtd">
<html xmlns="http://www.w3.org/1999/xhtml" xml:lang="en" lang="en">
 <head>
  <title>
</title>
<meta http-equiv="Content-Type" content="text/html;charset=utf-8" />
  <meta name='ocr-system' content='tesseract 3.04.00' />
  <meta name='ocr-capabilities' content='ocr_page ocr_carea ocr_par ocr_line ocrx_word'/>
</head>
<body>
  <div class='ocr_page' id='page_1' title='image "./deconsecutionet00wirtgoog_0016.png"; bbox 0 0 2940 4778; ppageno 0'>
   <div class='ocr_carea' id='block_1_1' title="bbox 720 253 759 317">
    <p class='ocr_par' dir='ltr' id='par_1_1' title="bbox 720 253 759 317">
     <span class='ocr_line' id='line_1_1' title="bbox 720 253 759 317; baseline -0.026 0"><span class='ocrx_word' id='word_1_1' title='bbox 720 253 759 317; x_wconf 87' lang='lat' dir='ltr'>ll</span> 
     </span>
    </p>
   </div>
   <div class='ocr_carea' id='block_1_2' title="bbox 183 447 1254 1938">
    <p class='ocr_par' dir='ltr' id='par_1_2' title="bbox 183 447 1254 1938">
     <span class='ocr_line' id='line_1_2' title="bbox 183 447 1248 532; baseline -0.003 -17"><span class='ocrx_word' id='word_1_2' title='bbox 183 451 254 516; x_wconf 93' lang='lat' dir='ltr'>dem</span> <span class='ocrx_word' id='word_1_3' title='bbox 279 468 344 514; x_wconf 94' lang='lat' dir='ltr'>non</span> <span class='ocrx_word' id='word_1_4' title='bbox 369 467 509 532; x_wconf 88' lang='lat' dir='ltr'>possum.</span> <span class='ocrx_word' id='word_1_5' title='bbox 558 449 641 513; x_wconf 90' lang='lat' dir='ltr'>Nam</span> <span class='ocrx_word' id='word_1_6' title='bbox 665 466 736 513; x_wconf 88' lang='lat' dir='ltr'>cum</span> <span class='ocrx_word' id='word_1_7' title='bbox 757 447 891 513; x_wconf 89' lang='lat' dir='ltr'>verbum</span> <span class='ocrx_word' id='word_1_8' title='bbox 922 463 1042 528; x_wconf 87' lang='lat' dir='ltr'>regens</span> <span class='ocrx_word' id='word_1_9' title='bbox 1068 447 1248 529; x_wconf 84' lang='lat' dir='ltr'>„explane“</span> 
     </span>
     <span class='ocr_line' id='line_1_3' title="bbox 183 553 1251 639; baseline -0.001 -18"><span class='ocrx_word' id='word_1_10' title='bbox 183 557 217 621; x_wconf 95' lang='lat' dir='ltr'>in</span> <span class='ocrx_word' id='word_1_11' title='bbox 240 557 314 638; x_wconf 88' lang='lat' dir='ltr'>fine,</span> <span class='ocrx_word' id='word_1_12' title='bbox 339 555 534 639; x_wconf 88' lang='lat' dir='ltr'>gravissimo</span> <span class='ocrx_word' id='word_1_13' title='bbox 566 573 683 621; x_wconf 89' lang='lat' dir='ltr'>versus</span> <span class='ocrx_word' id='word_1_14' title='bbox 712 555 796 636; x_wconf 88' lang='lat' dir='ltr'>loco,</span> <span class='ocrx_word' id='word_1_15' title='bbox 828 553 971 635; x_wconf 87' lang='lat' dir='ltr'>positum</span> <span class='ocrx_word' id='word_1_16' title='bbox 1002 553 1055 636; x_wconf 89' lang='lat' dir='ltr'>sit,</span> <span class='ocrx_word' id='word_1_17' title='bbox 1088 553 1251 636; x_wconf 89' lang='lat' dir='ltr'>integram</span> 
     </span>
     <span class='ocr_line' id='line_1_4' title="bbox 184 660 1252 746; baseline 0 -18"><span class='ocrx_word' id='word_1_18' title='bbox 184 664 370 746; x_wconf 92' lang='lat' dir='ltr'>praesentis</span> <span class='ocrx_word' id='word_1_19' title='bbox 393 662 459 730; x_wconf 94' lang='lat' dir='ltr'>vim</span> <span class='ocrx_word' id='word_1_20' title='bbox 490 663 624 729; x_wconf 85' lang='lat' dir='ltr'>auribus</span> <span class='ocrx_word' id='word_1_21' title='bbox 655 681 695 728; x_wconf 88' lang='lat' dir='ltr'>ac</span> <span class='ocrx_word' id='word_1_22' title='bbox 725 660 827 727; x_wconf 91' lang='lat' dir='ltr'>menti</span> <span class='ocrx_word' id='word_1_23' title='bbox 856 660 928 727; x_wconf 91' lang='lat' dir='ltr'>eius</span> <span class='ocrx_word' id='word_1_24' title='bbox 958 660 1013 742; x_wconf 93' lang='lat' dir='ltr'>qui</span> <span class='ocrx_word' id='word_1_25' title='bbox 1042 661 1188 743; x_wconf 87' lang='lat' dir='ltr'>loquitur</span> <span class='ocrx_word' id='word_1_26' title='bbox 1218 662 1252 728; x_wconf 92' lang='lat' dir='ltr'>in</span> 
     </span>
     <span class='ocr_line' id='line_1_5' title="bbox 185 768 1253 852; baseline -0.003 -14"><span class='ocrx_word' id='word_1_27' title='bbox 185 791 284 838; x_wconf 87' lang='lat' dir='ltr'>versu</span> <span class='ocrx_word' id='word_1_28' title='bbox 307 769 494 852; x_wconf 82' lang='lat' dir='ltr'>insequenti</span> <span class='ocrx_word' id='word_1_29' title='bbox 519 768 688 836; x_wconf 90' lang='lat' dir='ltr'>obversari</span> <span class='ocrx_word' id='word_1_30' title='bbox 712 768 874 835; x_wconf 82' lang='lat' dir='ltr'>existimo.</span> <span class='ocrx_word' id='word_1_31' title='bbox 921 769 1040 849; x_wconf 81' lang='lat' dir='ltr'>[taque</span> <span class='ocrx_word' id='word_1_32' title='bbox 1057 769 1253 835; x_wconf 91' lang='lat' dir='ltr'>secundaria</span> 
     </span>
     <span class='ocr_line' id='line_1_6' title="bbox 184 875 1251 959; baseline -0.001 -15"><span class='ocrx_word' id='word_1_33' title='bbox 184 883 314 945; x_wconf 91' lang='lat' dir='ltr'>tantum</span> <span class='ocrx_word' id='word_1_34' title='bbox 348 877 515 943; x_wconf 87' lang='lat' dir='ltr'>sententia</span> <span class='ocrx_word' id='word_1_35' title='bbox 547 879 590 943; x_wconf 91' lang='lat' dir='ltr'>ad</span> <span class='ocrx_word' id='word_1_36' title='bbox 622 875 837 959; x_wconf 90' lang='lat' dir='ltr'>praeteritum</span> <span class='ocrx_word' id='word_1_37' title='bbox 875 875 1019 942; x_wconf 82' lang='lat' dir='ltr'>refertur</span> <span class='ocrx_word' id='word_1_38' title='bbox 1053 895 1116 958; x_wconf 94' lang='lat' dir='ltr'>quo</span> <span class='ocrx_word' id='word_1_39' title='bbox 1146 877 1251 959; x_wconf 78' lang='lat' dir='ltr'>Stilpo</span> 
     </span>
     <span class='ocr_line' id='line_1_7' title="bbox 184 983 1254 1068; baseline -0.003 -16"><span class='ocrx_word' id='word_1_40' title='bbox 184 986 329 1052; x_wconf 80' lang='lat' dir='ltr'>vivebat.</span> <span class='ocrx_word' id='word_1_41' title='bbox 377 987 416 1050; x_wconf 90' lang='lat' dir='ltr'>In</span> <span class='ocrx_word' id='word_1_42' title='bbox 440 1005 505 1066; x_wconf 91' lang='lat' dir='ltr'>qua</span> <span class='ocrx_word' id='word_1_43' title='bbox 528 983 719 1068; x_wconf 87' lang='lat' dir='ltr'>imperfecto</span> <span class='ocrx_word' id='word_1_44' title='bbox 736 983 896 1066; x_wconf 85' lang='lat' dir='ltr'>Demipho</span> <span class='ocrx_word' id='word_1_45' title='bbox 920 983 1036 1066; x_wconf 89' lang='lat' dir='ltr'>utitur,</span> <span class='ocrx_word' id='word_1_46' title='bbox 1061 984 1138 1065; x_wconf 90' lang='lat' dir='ltr'>quia</span> <span class='ocrx_word' id='word_1_47' title='bbox 1161 1006 1254 1065; x_wconf 83' lang='lat' dir='ltr'>saepe</span> 
     </span>
     <span class='ocr_line' id='line_1_8' title="bbox 185 1091 1253 1174; baseline -0.003 -16"><span class='ocrx_word' id='word_1_48' title='bbox 185 1112 341 1159; x_wconf 86' lang='lat' dir='ltr'>narrasse</span> <span class='ocrx_word' id='word_1_49' title='bbox 365 1111 476 1158; x_wconf 91' lang='lat' dir='ltr'>senem</span> <span class='ocrx_word' id='word_1_50' title='bbox 499 1093 539 1158; x_wconf 93' lang='lat' dir='ltr'>de</span> <span class='ocrx_word' id='word_1_51' title='bbox 563 1098 703 1174; x_wconf 89' lang='lat' dir='ltr'>cognato</span> <span class='ocrx_word' id='word_1_52' title='bbox 722 1109 790 1173; x_wconf 88' lang='lat' dir='ltr'>suo,</span> <span class='ocrx_word' id='word_1_53' title='bbox 815 1095 853 1157; x_wconf 88' lang='lat' dir='ltr'>ut</span> <span class='ocrx_word' id='word_1_54' title='bbox 875 1091 1027 1158; x_wconf 86' lang='lat' dir='ltr'>Phormio</span> <span class='ocrx_word' id='word_1_55' title='bbox 1052 1092 1150 1174; x_wconf 91' lang='lat' dir='ltr'>paulo</span> <span class='ocrx_word' id='word_1_56' title='bbox 1175 1096 1253 1157; x_wconf 90' lang='lat' dir='ltr'>ante</span> 
     </span>
     <span class='ocr_line' id='line_1_9' title="bbox 186 1200 527 1286; baseline 0.012 -19"><span class='ocrx_word' id='word_1_57' title='bbox 186 1200 231 1286; x_wconf 87' lang='lat' dir='ltr'>(v.</span> <span class='ocrx_word' id='word_1_58' title='bbox 257 1201 323 1266; x_wconf 84' lang='lat'>365</span> <span class='ocrx_word' id='word_1_59' title='bbox 350 1219 416 1281; x_wconf 90' lang='lat' dir='ltr'>sq:</span> <span class='ocrx_word' id='word_1_60' title='bbox 524 1266 527 1271; x_wconf 88' lang='lat'>.</span> 
     </span>
     <span class='ocr_line' id='line_1_10' title="bbox 557 1297 1029 1388; baseline 0 -16"><span class='ocrx_word' id='word_1_61' title='bbox 557 1329 650 1388; x_wconf 84' lang='lat' dir='ltr'>saepe</span> <span class='ocrx_word' id='word_1_62' title='bbox 672 1306 801 1372; x_wconf 92' lang='lat' dir='ltr'>interea</span> <span class='ocrx_word' id='word_1_63' title='bbox 824 1297 903 1372; x_wconf 90' lang='lat' dir='ltr'>mihi</span> <span class='ocrx_word' id='word_1_64' title='bbox 929 1326 1029 1373; x_wconf 87' lang='lat' dir='ltr'>senex</span> 
     </span>
     <span class='ocr_line' id='line_1_11' title="bbox 391 1414 1253 1500; baseline -0.002 -20"><span class='ocrx_word' id='word_1_65' title='bbox 391 1415 558 1480; x_wconf 77' lang='lat' dir='ltr'><strong><em>Narrabat</em></strong></span> <span class='ocrx_word' id='word_1_66' title='bbox 581 1433 615 1479; x_wconf 93' lang='lat' dir='ltr'>se</span> <span class='ocrx_word' id='word_1_67' title='bbox 639 1415 784 1480; x_wconf 87' lang='lat' dir='ltr'>huno...</span> <span class='ocrx_word' id='word_1_68' title='bbox 803 1415 879 1500; x_wconf 90' lang='lat' dir='ltr'>cet.)</span> <span class='ocrx_word' id='word_1_69' title='bbox 911 1415 1140 1497; x_wconf 84' lang='lat' dir='ltr'>contenderat⁷</span> <span class='ocrx_word' id='word_1_70' title='bbox 1165 1414 1253 1497; x_wconf 86' lang='lat' dir='ltr'>cogi-</span> 
     </span>
     <span class='ocr_line' id='line_1_12' title="bbox 187 1520 1251 1605; baseline -0.001 -17"><span class='ocrx_word' id='word_1_71' title='bbox 187 1525 315 1588; x_wconf 90' lang='lat' dir='ltr'>tatione</span> <span class='ocrx_word' id='word_1_72' title='bbox 339 1527 441 1588; x_wconf 86' lang='lat' dir='ltr'>tenet.</span> <span class='ocrx_word' id='word_1_73' title='bbox 463 1557 466 1563; x_wconf 44' lang='lat'><em>⁴</em></span> <span class='ocrx_word' id='word_1_74' title='bbox 488 1522 679 1603; x_wconf 83' lang='lat' dir='ltr'>Respondet</span> <span class='ocrx_word' id='word_1_75' title='bbox 701 1520 804 1604; x_wconf 87' lang='lat' dir='ltr'>igitur</span> <span class='ocrx_word' id='word_1_76' title='bbox 827 1521 1056 1588; x_wconf 86' lang='lat' dir='ltr'>coniunctirus</span> <span class='ocrx_word' id='word_1_77' title='bbox 1088 1522 1251 1605; x_wconf 82' lang='lat' dir='ltr'>„diceret“</span> 
     </span>
     <span class='ocr_line' id='line_1_13' title="bbox 185 1627 1035 1716; baseline 0 -22"><span class='ocrx_word' id='word_1_78' title='bbox 185 1628 365 1695; x_wconf 87' lang='lat' dir='ltr'>indicativo</span> <span class='ocrx_word' id='word_1_79' title='bbox 392 1628 562 1712; x_wconf 80' lang='lat' dir='ltr'>„dicebat“</span> <span class='ocrx_word' id='word_1_80' title='bbox 587 1634 700 1695; x_wconf 90' lang='lat' dir='ltr'>rectae</span> <span class='ocrx_word' id='word_1_81' title='bbox 724 1627 1004 1716; x_wconf 85' lang='lat' dir='ltr'>interrogationis.</span> <span class='ocrx_word' id='word_1_82' title='bbox 1012 1631 1035 1716; x_wconf 82' lang='lat'>¹)</span> 
     </span>
     <span class='ocr_line' id='line_1_14' title="bbox 230 1735 1172 1817; baseline 0.002 -17"><span class='ocrx_word' id='word_1_83' title='bbox 230 1737 359 1802; x_wconf 93' lang='lat' dir='ltr'>Phorm.</span> <span class='ocrx_word' id='word_1_84' title='bbox 384 1739 467 1804; x_wconf 84' lang='lat'>382:</span> <span class='ocrx_word' id='word_1_85' title='bbox 489 1736 631 1802; x_wconf 87' lang='lat' dir='ltr'>Proinde</span> <span class='ocrx_word' id='word_1_86' title='bbox 656 1735 826 1817; x_wconf 82' lang='lat' dir='ltr'>expiscere</span> <span class='ocrx_word' id='word_1_87' title='bbox 850 1736 945 1817; x_wconf 87' lang='lat' dir='ltr'>quasi</span> <span class='ocrx_word' id='word_1_88' title='bbox 968 1755 1034 1802; x_wconf 94' lang='lat' dir='ltr'>non</span> <span class='ocrx_word' id='word_1_89' title='bbox 1057 1758 1172 1802; x_wconf 78' lang='lat' dir='ltr'>cossas.</span> 
     </span>
     <span class='ocr_line' id='line_1_15' title="bbox 229 1842 1207 1938; baseline 0 -28"><span class='ocrx_word' id='word_1_90' title='bbox 229 1844 358 1910; x_wconf 86' lang='lat' dir='ltr'>Phorm.</span> <span class='ocrx_word' id='word_1_91' title='bbox 384 1847 466 1912; x_wconf 89' lang='lat'><strong>388:</strong></span> <span class='ocrx_word' id='word_1_92' title='bbox 492 1843 586 1925; x_wconf 89' lang='lat' dir='ltr'>quasi</span> <span class='ocrx_word' id='word_1_93' title='bbox 610 1862 676 1938; x_wconf 89' lang='lat' dir='ltr'>non</span> <span class='ocrx_word' id='word_1_94' title='bbox 700 1863 816 1927; x_wconf 80' lang='lat' dir='ltr'>nosses,</span> <span class='ocrx_word' id='word_1_95' title='bbox 841 1848 1037 1925; x_wconf 84' lang='lat' dir='ltr'>temptatum</span> <span class='ocrx_word' id='word_1_96' title='bbox 1060 1842 1207 1911; x_wconf 78' lang='lat' dir='ltr'>advenio.</span> 
     </span>
    </p>
   </div>
   <div class='ocr_carea' id='block_1_3' title="bbox 186 1987 1256 2500">
    <p class='ocr_par' dir='ltr' id='par_1_3' title="bbox 186 1987 1256 2500">
     <span class='ocr_line' id='line_1_16' title="bbox 273 1987 1256 2069; baseline -0.002 -15"><span class='ocrx_word' id='word_1_97' title='bbox 273 1987 449 2054; x_wconf 90' lang='lat' dir='ltr'>Parasitus</span> <span class='ocrx_word' id='word_1_98' title='bbox 472 1987 580 2053; x_wconf 90' lang='lat' dir='ltr'>dicere</span> <span class='ocrx_word' id='word_1_99' title='bbox 604 1988 678 2054; x_wconf 91' lang='lat' dir='ltr'>vult</span> <span class='ocrx_word' id='word_1_100' title='bbox 699 1987 896 2069; x_wconf 88' lang='lat' dir='ltr'>Demiphoni</span> <span class='ocrx_word' id='word_1_101' title='bbox 920 1992 1033 2053; x_wconf 92' lang='lat' dir='ltr'>notum</span> <span class='ocrx_word' id='word_1_102' title='bbox 1056 1987 1159 2054; x_wconf 82' lang='lat' dir='ltr'>fuisse</span> <span class='ocrx_word' id='word_1_103' title='bbox 1176 1987 1256 2054; x_wconf 89' lang='lat' dir='ltr'>Stil-</span> 
     </span>
     <span class='ocr_line' id='line_1_17' title="bbox 186 2093 1255 2178; baseline 0.001 -20"><span class='ocrx_word' id='word_1_104' title='bbox 186 2113 302 2176; x_wconf 92' lang='lat' dir='ltr'>ponem</span> <span class='ocrx_word' id='word_1_105' title='bbox 336 2100 406 2159; x_wconf 91' lang='lat' dir='ltr'>tum</span> <span class='ocrx_word' id='word_1_106' title='bbox 437 2113 509 2159; x_wconf 93' lang='lat' dir='ltr'>cum</span> <span class='ocrx_word' id='word_1_107' title='bbox 539 2093 573 2159; x_wconf 93' lang='lat' dir='ltr'>in</span> <span class='ocrx_word' id='word_1_108' title='bbox 604 2094 676 2160; x_wconf 91' lang='lat' dir='ltr'>vita</span> <span class='ocrx_word' id='word_1_109' title='bbox 708 2093 817 2161; x_wconf 83' lang='lat' dir='ltr'>fuerit.</span> <span class='ocrx_word' id='word_1_110' title='bbox 866 2095 976 2178; x_wconf 77' lang='lat' dir='ltr'>Quare</span> <span class='ocrx_word' id='word_1_111' title='bbox 1004 2094 1158 2176; x_wconf 91' lang='lat' dir='ltr'>quoniam</span> <span class='ocrx_word' id='word_1_112' title='bbox 1181 2114 1255 2178; x_wconf 92' lang='lat' dir='ltr'>per-</span> 
     </span>
     <span class='ocr_line' id='line_1_18' title="bbox 186 2199 1255 2284; baseline 0.003 -20"><span class='ocrx_word' id='word_1_113' title='bbox 186 2199 309 2265; x_wconf 88' lang='lat' dir='ltr'>fectum</span> <span class='ocrx_word' id='word_1_114' title='bbox 342 2199 458 2282; x_wconf 80' lang='lat' dir='ltr'>„novi“</span> <span class='ocrx_word' id='word_1_115' title='bbox 498 2199 622 2281; x_wconf 91' lang='lat' dir='ltr'>aliquid</span> <span class='ocrx_word' id='word_1_116' title='bbox 658 2201 826 2283; x_wconf 85' lang='lat' dir='ltr'>praesenti</span> <span class='ocrx_word' id='word_1_117' title='bbox 857 2207 1003 2284; x_wconf 89' lang='lat' dir='ltr'>tempore</span> <span class='ocrx_word' id='word_1_118' title='bbox 1033 2206 1148 2268; x_wconf 91' lang='lat' dir='ltr'>notum</span> <span class='ocrx_word' id='word_1_119' title='bbox 1181 2219 1255 2268; x_wconf 90' lang='lat' dir='ltr'>esse</span> 
     </span>
     <span class='ocr_line' id='line_1_19' title="bbox 189 2305 1253 2393; baseline 0.006 -23"><span class='ocrx_word' id='word_1_120' title='bbox 189 2305 362 2388; x_wconf 84' lang='lat' dir='ltr'>significat,</span> <span class='ocrx_word' id='word_1_121' title='bbox 388 2307 742 2390; x_wconf 82' lang='lat' dir='ltr'>plusquamperfectum</span> <span class='ocrx_word' id='word_1_122' title='bbox 773 2315 808 2374; x_wconf 92' lang='lat' dir='ltr'>et</span> <span class='ocrx_word' id='word_1_123' title='bbox 838 2309 873 2374; x_wconf 94' lang='lat' dir='ltr'>in</span> <span class='ocrx_word' id='word_1_124' title='bbox 903 2309 1056 2376; x_wconf 89' lang='lat' dir='ltr'>versibus</span> <span class='ocrx_word' id='word_1_125' title='bbox 1085 2311 1161 2393; x_wconf 86' lang='lat'>384,</span> <span class='ocrx_word' id='word_1_126' title='bbox 1186 2311 1253 2376; x_wconf 85' lang='lat'>390</span> 
     </span>
     <span class='ocr_line' id='line_1_20' title="bbox 188 2413 1253 2500; baseline 0.004 -20"><span class='ocrx_word' id='word_1_127' title='bbox 188 2419 223 2480; x_wconf 87' lang='lat' dir='ltr'>et</span> <span class='ocrx_word' id='word_1_128' title='bbox 237 2413 306 2479; x_wconf 91' lang='lat' dir='ltr'>illis</span> <span class='ocrx_word' id='word_1_129' title='bbox 317 2415 444 2480; x_wconf 92' lang='lat' dir='ltr'>duobus</span> <span class='ocrx_word' id='word_1_130' title='bbox 460 2414 552 2500; x_wconf 87' lang='lat' dir='ltr'>locis,</span> <span class='ocrx_word' id='word_1_131' title='bbox 571 2415 626 2482; x_wconf 92' lang='lat' dir='ltr'>ubi</span> <span class='ocrx_word' id='word_1_132' title='bbox 641 2416 831 2499; x_wconf 87' lang='lat' dir='ltr'>postulatur</span> <span class='ocrx_word' id='word_1_133' title='bbox 846 2416 1085 2500; x_wconf 87' lang='lat' dir='ltr'>coniunctivus,</span> <span class='ocrx_word' id='word_1_134' title='bbox 1103 2423 1253 2500; x_wconf 90' lang='lat' dir='ltr'>usurpet.</span> 
     </span>
    </p>
   </div>
   <div class='ocr_carea' id='block_1_4' title="bbox 188 2521 1257 3379">
    <p class='ocr_par' dir='ltr' id='par_1_4' title="bbox 188 2521 1257 3379">
     <span class='ocr_line' id='line_1_21' title="bbox 278 2521 1257 2627; baseline 0.002 -20"><span class='ocrx_word' id='word_1_135' title='bbox 278 2542 307 2608; x_wconf 81' lang='lat'>5.</span> <span class='ocrx_word' id='word_1_136' title='bbox 365 2541 492 2626; x_wconf 76' lang='lat' dir='ltr'>Quibus</span> <span class='ocrx_word' id='word_1_137' title='bbox 525 2543 683 2626; x_wconf 86' lang='lat' dir='ltr'>exemplis</span> <span class='ocrx_word' id='word_1_138' title='bbox 713 2521 853 2626; x_wconf 83' lang='lat' dir='ltr'>apparet</span> <span class='ocrx_word' id='word_1_139' title='bbox 882 2549 959 2626; x_wconf 92' lang='lat' dir='ltr'>post</span> <span class='ocrx_word' id='word_1_140' title='bbox 989 2562 1147 2626; x_wconf 89' lang='lat' dir='ltr'>praesens</span> <span class='ocrx_word' id='word_1_141' title='bbox 1179 2543 1257 2627; x_wconf 91' lang='lat' dir='ltr'>poni</span> 
     </span>
     <span class='ocr_line' id='line_1_22' title="bbox 188 2648 1256 2734; baseline 0.003 -20"><span class='ocrx_word' id='word_1_142' title='bbox 188 2648 431 2717; x_wconf 88' lang='lat' dir='ltr'>coniunctivum</span> <span class='ocrx_word' id='word_1_143' title='bbox 455 2649 526 2716; x_wconf 93' lang='lat' dir='ltr'>eius</span> <span class='ocrx_word' id='word_1_144' title='bbox 542 2651 699 2734; x_wconf 91' lang='lat' dir='ltr'>temporis</span> <span class='ocrx_word' id='word_1_145' title='bbox 717 2671 780 2732; x_wconf 94' lang='lat' dir='ltr'>quo</span> <span class='ocrx_word' id='word_1_146' title='bbox 797 2650 870 2716; x_wconf 90' lang='lat' dir='ltr'>fieri</span> <span class='ocrx_word' id='word_1_147' title='bbox 886 2650 1050 2717; x_wconf 83' lang='lat' dir='ltr'>actionem</span> <span class='ocrx_word' id='word_1_148' title='bbox 1068 2651 1256 2718; x_wconf 89' lang='lat' dir='ltr'>sententiae</span> 
     </span>
     <span class='ocr_line' id='line_1_23' title="bbox 189 2756 1257 2839; baseline 0.002 -18"><span class='ocrx_word' id='word_1_149' title='bbox 189 2756 404 2822; x_wconf 86' lang='lat' dir='ltr'>secundariae</span> <span class='ocrx_word' id='word_1_150' title='bbox 428 2757 600 2839; x_wconf 86' lang='lat' dir='ltr'>cogitetur.</span> <span class='ocrx_word' id='word_1_151' title='bbox 649 2759 689 2823; x_wconf 89' lang='lat' dir='ltr'>Iu</span> <span class='ocrx_word' id='word_1_152' title='bbox 720 2757 952 2823; x_wconf 83' lang='lat' dir='ltr'>finalibus</span> <span class='ocrx_word' id='word_1_153' title='bbox 983 2763 1095 2825; x_wconf 91' lang='lat' dir='ltr'>autem</span> <span class='ocrx_word' id='word_1_154' title='bbox 1126 2758 1257 2825; x_wconf 91' lang='lat' dir='ltr'>enunti-</span> 
     </span>
     <span class='ocr_line' id='line_1_24' title="bbox 189 2861 1257 2949; baseline 0.004 -21"><span class='ocrx_word' id='word_1_155' title='bbox 189 2861 256 2928; x_wconf 91' lang='lat' dir='ltr'>atis</span> <span class='ocrx_word' id='word_1_156' title='bbox 280 2862 484 2928; x_wconf 87' lang='lat' dir='ltr'>secundariis</span> <span class='ocrx_word' id='word_1_157' title='bbox 505 2883 642 2945; x_wconf 93' lang='lat' dir='ltr'>quorum</span> <span class='ocrx_word' id='word_1_158' title='bbox 666 2864 816 2931; x_wconf 88' lang='lat' dir='ltr'>actiones</span> <span class='ocrx_word' id='word_1_159' title='bbox 839 2863 873 2930; x_wconf 95' lang='lat' dir='ltr'>in</span> <span class='ocrx_word' id='word_1_160' title='bbox 897 2866 1008 2932; x_wconf 88' lang='lat' dir='ltr'>futuro</span> <span class='ocrx_word' id='word_1_161' title='bbox 1035 2871 1127 2949; x_wconf 87' lang='lat' dir='ltr'>sunt,</span> <span class='ocrx_word' id='word_1_162' title='bbox 1152 2866 1257 2932; x_wconf 85' lang='lat' dir='ltr'>futuri</span> 
     </span>
     <span class='ocr_line' id='line_1_25' title="bbox 189 2968 1253 3057; baseline 0.006 -23"><span class='ocrx_word' id='word_1_163' title='bbox 189 2968 418 3035; x_wconf 82' lang='lat' dir='ltr'>coniunctivus</span> <span class='ocrx_word' id='word_1_164' title='bbox 441 2989 615 3052; x_wconf 90' lang='lat' dir='ltr'>numquam</span> <span class='ocrx_word' id='word_1_165' title='bbox 639 2972 823 3057; x_wconf 84' lang='lat' dir='ltr'>adhibetur,</span> <span class='ocrx_word' id='word_1_166' title='bbox 847 2973 926 3056; x_wconf 91' lang='lat' dir='ltr'>quia</span> <span class='ocrx_word' id='word_1_167' title='bbox 949 2993 1015 3040; x_wconf 93' lang='lat' dir='ltr'>uon</span> <span class='ocrx_word' id='word_1_168' title='bbox 1038 2979 1108 3040; x_wconf 91' lang='lat' dir='ltr'>tam</span> <span class='ocrx_word' id='word_1_169' title='bbox 1124 2975 1253 3055; x_wconf 89' lang='lat' dir='ltr'>quaudo</span> 
     </span>
     <span class='ocr_line' id='line_1_26' title="bbox 189 3075 1257 3163; baseline 0.003 -20"><span class='ocrx_word' id='word_1_170' title='bbox 189 3078 249 3143; x_wconf 92' lang='lat' dir='ltr'>fiat</span> <span class='ocrx_word' id='word_1_171' title='bbox 279 3075 366 3143; x_wconf 89' lang='lat' dir='ltr'>actio</span> <span class='ocrx_word' id='word_1_172' title='bbox 398 3078 584 3144; x_wconf 90' lang='lat' dir='ltr'>secundarii</span> <span class='ocrx_word' id='word_1_173' title='bbox 613 3098 709 3160; x_wconf 90' lang='lat' dir='ltr'>quam</span> <span class='ocrx_word' id='word_1_174' title='bbox 742 3080 877 3146; x_wconf 92' lang='lat' dir='ltr'>huius</span> <span class='ocrx_word' id='word_1_175' title='bbox 909 3081 1117 3148; x_wconf 89' lang='lat' dir='ltr'>aetionis</span> <span class='ocrx_word' id='word_1_176' title='bbox 1149 3081 1257 3163; x_wconf 82' lang='lat' dir='ltr'>expri-</span> 
     </span>
     <span class='ocr_line' id='line_1_27' title="bbox 188 3183 1256 3272; baseline 0.002 -21"><span class='ocrx_word' id='word_1_177' title='bbox 188 3183 289 3251; x_wconf 93' lang='lat' dir='ltr'>mitur</span> <span class='ocrx_word' id='word_1_178' title='bbox 319 3183 500 3266; x_wconf 90' lang='lat' dir='ltr'>optatio</span> <span class='ocrx_word' id='word_1_179' title='bbox 530 3205 596 3267; x_wconf 92' lang='lat' dir='ltr'>qua</span> <span class='ocrx_word' id='word_1_180' title='bbox 627 3187 811 3254; x_wconf 90' lang='lat' dir='ltr'>subiectum</span> <span class='ocrx_word' id='word_1_181' title='bbox 840 3187 988 3272; x_wconf 91' lang='lat' dir='ltr'>primarii</span> <span class='ocrx_word' id='word_1_182' title='bbox 1020 3190 1062 3255; x_wconf 90' lang='lat' dir='ltr'>ad</span> <span class='ocrx_word' id='word_1_183' title='bbox 1093 3191 1256 3272; x_wconf 89' lang='lat' dir='ltr'>agendum</span> 
     </span>
     <span class='ocr_line' id='line_1_28' title="bbox 188 3291 1254 3379; baseline 0.004 -21"><span class='ocrx_word' id='word_1_184' title='bbox 188 3291 354 3359; x_wconf 84' lang='lat' dir='ltr'>excitatur</span> <span class='ocrx_word' id='word_1_185' title='bbox 389 3297 424 3359; x_wconf 90' lang='lat' dir='ltr'>et</span> <span class='ocrx_word' id='word_1_186' title='bbox 457 3298 661 3360; x_wconf 90' lang='lat' dir='ltr'>movetur</span> <span class='ocrx_word' id='word_1_187' title='bbox 695 3295 819 3362; x_wconf 92' lang='lat' dir='ltr'>inter</span> <span class='ocrx_word' id='word_1_188' title='bbox 855 3298 1081 3379; x_wconf 89' lang='lat' dir='ltr'>agendum.</span> <span class='ocrx_word' id='word_1_189' title='bbox 1135 3298 1254 3378; x_wconf 91' lang='lat' dir='ltr'>Itaque</span> 
     </span>
    </p>
   </div>
   <div class='ocr_carea' id='block_1_5' title="bbox 210 3559 1258 3815">
    <p class='ocr_par' dir='ltr' id='par_1_5' title="bbox 210 3559 1258 3815">
     <span class='ocr_line' id='line_1_29' title="bbox 210 3559 1258 3632; baseline 0.004 -18"><span class='ocrx_word' id='word_1_190' title='bbox 210 3561 231 3627; x_wconf 82' lang='lat'>¹)</span> <span class='ocrx_word' id='word_1_191' title='bbox 259 3559 393 3615; x_wconf 88' lang='lat' dir='ltr'>Horatius</span> <span class='ocrx_word' id='word_1_192' title='bbox 412 3576 541 3630; x_wconf 84' lang='lat' dir='ltr'>quosque,</span> <span class='ocrx_word' id='word_1_193' title='bbox 565 3563 597 3615; x_wconf 89' lang='lat' dir='ltr'>ut</span> <span class='ocrx_word' id='word_1_194' title='bbox 619 3564 735 3618; x_wconf 89' lang='lat' dir='ltr'>iteratos</span> <span class='ocrx_word' id='word_1_195' title='bbox 762 3565 886 3632; x_wconf 82' lang='lat' dir='ltr'>Saganae</span> <span class='ocrx_word' id='word_1_196' title='bbox 910 3582 971 3619; x_wconf 92' lang='lat' dir='ltr'>cum</span> <span class='ocrx_word' id='word_1_197' title='bbox 997 3566 1100 3619; x_wconf 87' lang='lat' dir='ltr'>umbris</span> <span class='ocrx_word' id='word_1_198' title='bbox 1121 3581 1258 3620; x_wconf 85' lang='lat' dir='ltr'>sermones</span> 
     </span>
     <span class='ocr_line' id='line_1_30' title="bbox 262 3649 1258 3724; baseline 0.006 -23"><span class='ocrx_word' id='word_1_199' title='bbox 262 3649 417 3716; x_wconf 85' lang='lat' dir='ltr'>significet,</span> <span class='ocrx_word' id='word_1_200' title='bbox 447 3654 512 3717; x_wconf 90' lang='lat' dir='ltr'>post</span> <span class='ocrx_word' id='word_1_201' title='bbox 541 3667 671 3720; x_wconf 89' lang='lat' dir='ltr'>praesens</span> <span class='ocrx_word' id='word_1_202' title='bbox 703 3657 878 3720; x_wconf 75' lang='lat' dir='ltr'>„memorem‘</span> <span class='ocrx_word' id='word_1_203' title='bbox 916 3655 1031 3709; x_wconf 88' lang='lat' dir='ltr'>adhibet</span> <span class='ocrx_word' id='word_1_204' title='bbox 1068 3655 1258 3724; x_wconf 88' lang='lat' dir='ltr'>imperfectum</span> 
     </span>
     <span class='ocr_line' id='line_1_31' title="bbox 263 3739 536 3815; baseline 0.015 -19"><span class='ocrx_word' id='word_1_205' title='bbox 263 3743 319 3796; x_wconf 76' lang='lat' dir='ltr'>su.</span> <span class='ocrx_word' id='word_1_206' title='bbox 338 3741 360 3804; x_wconf 88' lang='lat'>1,</span> <span class='ocrx_word' id='word_1_207' title='bbox 379 3739 404 3804; x_wconf 89' lang='lat'>8,</span> <span class='ocrx_word' id='word_1_208' title='bbox 423 3745 458 3800; x_wconf 80' lang='lat'>40</span> <span class='ocrx_word' id='word_1_209' title='bbox 478 3762 536 3815; x_wconf 83' lang='lat' dir='ltr'>sq:</span> 
     </span>
    </p>
   </div>
   <div class='ocr_carea' id='block_1_6' title="bbox 349 3850 1201 4033">
    <p class='ocr_par' dir='ltr' id='par_1_6' title="bbox 349 3850 1201 4033">
     <span class='ocr_line' id='line_1_32' title="bbox 350 3850 1195 3929; baseline -0.012 -14"><span class='ocrx_word' id='word_1_210' title='bbox 350 3850 465 3929; x_wconf 78' lang='lat' dir='ltr'>Singula</span> <span class='ocrx_word' id='word_1_211' title='bbox 484 3859 550 3928; x_wconf 90' lang='lat' dir='ltr'>quid</span> <span class='ocrx_word' id='word_1_212' title='bbox 569 3855 734 3912; x_wconf 80' lang='lat' dir='ltr'>memorem?</span> <span class='ocrx_word' id='word_1_213' title='bbox 754 3872 806 3924; x_wconf 91' lang='lat' dir='ltr'>quo</span> <span class='ocrx_word' id='word_1_214' title='bbox 824 3858 906 3924; x_wconf 90' lang='lat' dir='ltr'>pacto</span> <span class='ocrx_word' id='word_1_215' title='bbox 925 3857 1032 3908; x_wconf 85' lang='lat' dir='ltr'>alterna</span> <span class='ocrx_word' id='word_1_216' title='bbox 1050 3854 1195 3922; x_wconf 88' lang='lat' dir='ltr'>loquentes</span> 
     </span>
     <span class='ocr_line' id='line_1_33' title="bbox 349 3960 1201 4033; baseline -0.008 -11"><span class='ocrx_word' id='word_1_217' title='bbox 349 3969 467 4023; x_wconf 85' lang='lat' dir='ltr'>Umbrae</span> <span class='ocrx_word' id='word_1_218' title='bbox 485 3985 548 4023; x_wconf 89' lang='lat' dir='ltr'>cum</span> <span class='ocrx_word' id='word_1_219' title='bbox 567 3967 676 4033; x_wconf 85' lang='lat' dir='ltr'>Sagana</span> <span class='ocrx_word' id='word_1_220' title='bbox 694 3967 855 4019; x_wconf 88' lang='lat' dir='ltr'>resonarent</span> <span class='ocrx_word' id='word_1_221' title='bbox 873 3964 956 4017; x_wconf 88' lang='lat' dir='ltr'>triste</span> <span class='ocrx_word' id='word_1_222' title='bbox 976 3964 1005 4016; x_wconf 91' lang='lat' dir='ltr'>et</span> <span class='ocrx_word' id='word_1_223' title='bbox 1024 3960 1201 4015; x_wconf 73' lang='lat' dir='ltr'>acutumi...</span> 
     </span>
    </p>
   </div>
   <div class='ocr_carea' id='block_1_7' title="bbox 261 4039 1345 4122">
    <p class='ocr_par' dir='ltr' id='par_1_7' title="bbox 261 4039 1345 4122">
     <span class='ocr_line' id='line_1_34' title="bbox 261 4039 1345 4122; baseline -0.007 -11"><span class='ocrx_word' id='word_1_224' title='bbox 261 4058 409 4113; x_wconf 87' lang='lat' dir='ltr'>Praeterea</span> <span class='ocrx_word' id='word_1_225' title='bbox 427 4058 497 4113; x_wconf 84' lang='lat' dir='ltr'>conf.</span> <span class='ocrx_word' id='word_1_226' title='bbox 515 4056 552 4113; x_wconf 86' lang='lat' dir='ltr'>M.</span> <span class='ocrx_word' id='word_1_227' title='bbox 574 4055 686 4122; x_wconf 88' lang='lat' dir='ltr'>Wetzel,</span> <span class='ocrx_word' id='word_1_228' title='bbox 706 4054 740 4107; x_wconf 90' lang='lat' dir='ltr'>de</span> <span class='ocrx_word' id='word_1_229' title='bbox 758 4053 953 4109; x_wconf 82' lang='lat' dir='ltr'>consecutione</span> <span class='ocrx_word' id='word_1_230' title='bbox 973 4056 1125 4120; x_wconf 89' lang='lat' dir='ltr'>temporum</span> <span class='ocrx_word' id='word_1_231' title='bbox 1146 4049 1255 4106; x_wconf 79' lang='lat' dir='ltr'>Cicero·</span> <span class='ocrx_word' id='word_1_232' title='bbox 1341 4039 1345 4045; x_wconf 46' lang='lat'>¹</span> 
     </span>
    </p>
   </div>
   <div class='ocr_carea' id='block_1_8' title="bbox 261 4145 676 4215">
    <p class='ocr_par' dir='ltr' id='par_1_8' title="bbox 261 4145 676 4215">
     <span class='ocr_line' id='line_1_35' title="bbox 261 4145 676 4215; baseline 0 -16"><span class='ocrx_word' id='word_1_233' title='bbox 261 4147 351 4214; x_wconf 87' lang='lat' dir='ltr'>niena,</span> <span class='ocrx_word' id='word_1_234' title='bbox 370 4146 437 4202; x_wconf 84' lang='lat' dir='ltr'>diss.</span> <span class='ocrx_word' id='word_1_235' title='bbox 457 4147 534 4213; x_wconf 80' lang='lat'>1877,</span> <span class='ocrx_word' id='word_1_236' title='bbox 553 4163 579 4215; x_wconf 92' lang='lat' dir='ltr'>p.</span> <span class='ocrx_word' id='word_1_237' title='bbox 599 4145 616 4205; x_wconf 90' lang='lat'>8</span> <span class='ocrx_word' id='word_1_238' title='bbox 635 4161 676 4214; x_wconf 86' lang='lat' dir='ltr'>sq.</span> 
     </span>
    </p>
   </div>
   <div class='ocr_carea' id='block_1_9' title="bbox 0 0 1484 4778">
    <p class='ocr_par' dir='ltr' id='par_1_9' title="bbox 0 0 1484 4778">
     <span class='ocr_line' id='line_1_36' title="bbox 0 0 1484 4778; baseline 0 0"><span class='ocrx_word' id='word_1_239' title='bbox 0 0 1484 4778; x_wconf 95' lang='lat' dir='ltr'> </span> 
     </span>
    </p>
   </div>
  </div>
 </body>
</html>
