2940 4778
715 319 756 384 31

355 515 405 585 A.
439 518 604 582 Praesens
628 514 777 596 seqnitur
799 514 853 581 vel
877 513 1068 597 perfectum.

415 625 496 690 205:
523 621 677 689 Telebois
709 621 800 688 iubet
834 621 1033 688 sententiam
1065 626 1104 688 ut
1136 622 1251 689 dicant

1057 748 1159 797 suam.

416 839 498 905 alu:
524 837 676 903 Animam
700 836 858 903 omittunt
881 835 1070 918 priusquam
1094 837 1166 904 loco
1191 838 1248 903 de-

198 996 204 1003 .
222 956 338 1039 Amph
1007 944 1159 1028 migrent.

397 1053 499 1118 1069:
525 1071 671 1133 accurro,
697 1055 736 1117 ut
760 1051 898 1118 sciscam
922 1051 1000 1133 quid
1023 1052 1115 1118 velit.

397 1161 500 1226 1093:
526 1160 667 1227 Invocat
689 1160 769 1225 deos
789 1159 995 1241 immortalia,
1015 1163 1054 1225 ut
1077 1158 1140 1225 sibi
1156 1158 1250 1225 auxi-

937 1266 1018 1333 lium
1040 1265 1159 1333 ferant.

369 1397 384 1556 Ι
396 1394 463 1460 510
486 1411 550 1475 sq.:
575 1394 669 1475 Rogo
694 1392 917 1459 Philocratem
941 1412 981 1458 ex
1004 1392 1102 1459 Alide
1186 1467 1188 1472 ,

577 1500 702 1581 Ecquis
724 1499 890 1567 hominum
914 1500 1055 1566 noverit.

371 1558 477 1715 [513:
504 1613 579 1674 orat
588 1609 804 1689 obsecratque
815 1625 888 1673 eum
903 1607 964 1672 sibi
972 1607 1085 1675 videre
1093 1607 1249 1675 ntliceat.

383 1736 481 1801 330:
507 1734 638 1817 argenti
662 1753 741 1817 rogo
766 1733 815 1799 uti
839 1732 943 1799 faciat
966 1732 1101 1816 copiam.

371 1744 460 2003 1361
487 1860 550 1923 sq.:
588 1842 721 1908 Deduco
755 1841 855 1922 pedes
887 1840 927 1905 de
960 1839 1046 1906 lecto
1082 1839 1175 1924 clam,
1210 1858 1252 1905 ne

227 1960 320 2025 Cure.
907 1947 1002 2013 miles
1023 1935 1160 2014 sentiat.

589 2056 724 2138 Rogant
747 2075 798 2123 me
823 2054 997 2137 servique
1023 2075 1104 2121 eam.

507 2163 572 2231 sfr.
598 2166 673 2248 339,
698 2166 766 2232 340
789 2183 847 2247 sq,
872 2165 948 2231 355.

226 2292 297 2360 Mil.
323 2291 367 2374 gl.
397 2294 473 2358 116:
506 2292 679 2373 Inscendo,
711 2296 749 2356 ut
779 2310 852 2356 eam
880 2309 949 2356 rem
979 2290 1186 2373 Naupactum
1210 2291 1252 2356 ad

892 2416 982 2464 erum
1005 2398 1162 2464 nuntiem.

230 2507 330 2573 Most.
357 2508 458 2573 1049:
485 2505 586 2588 Capio
600 2505 781 2588 consilium,
799 2511 838 2571 ut
850 2510 1001 2572 senatum
1017 2524 1253 2588 congerronum

974 2632 1160 2680 convocem.

228 2721 310 2788 auu.
337 2721 418 2787 605:
444 2721 516 2803 Ago
542 2739 614 2786 cum
638 2720 706 2802 illa,
731 2739 772 2787 ne
802 2719 879 2802 quid
902 2725 1022 2786 noceat
1044 2719 1125 2786 meis
1148 2737 1253 2802 popu-

952 2901 955 2906 ,
1024 2826 1160 2893 laribus.

232 2934 332 3002 Stich.
351 2937 416 3002 366
434 2953 497 3017 sq.:
516 2937 602 3000 Dum
617 2938 793 3018 percontor
808 2933 997 3017 portitores,
1015 2953 1137 3016 ecquae
1154 2933 1252 3002 navis

1022 3041 1161 3108 venerit.

530 3150 583 3215 Ex
606 3148 725 3215 Asia..
740 3202 746 3215 .
759 3201 765 3214 .
780 3171 786 3215 :
813 3148 1024 3231 conspicatus
1048 3166 1135 3214 sum.
1150 3200 1193 3214 ...

231 1510 325 1591 Capt.

376 3311 425 3386 B.
459 3310 648 3393 Imperfecti
673 3310 902 3378 coniunctivus
925 3310 1064 3393 legitur:

232 3438 352 3504 Bacch.
378 3440 444 3505 290
467 3455 531 3519 sq.:
556 3437 710 3518 quoniam
735 3437 841 3504 sentio

444 3546 537 3630 Quae
561 3564 615 3611 res
638 3551 818 3628 gereretur,
843 3564 960 3611 navem
974 3597 1060 3610 .....

232 3652 351 3719 Bacch.
377 3655 439 3720 301
468 3672 530 3735 sq.:
563 3652 752 3719 Auferimus
787 3672 902 3719 aurum
938 3670 1033 3717 omne
1068 3649 1150 3716 illim
1186 3649 1254 3715 illis

935 3757 1166 3841 praesentibus

368 3867 485 3935 Palam
508 3877 607 3950 atque
620 3872 745 3951 aperte,
765 3872 804 3933 ut
819 3865 869 3932 illi
881 3866 915 3932 id
926 3866 1050 3950 factum
1064 3865 1251 3931 sciscerent.

231 3977 331 4042 Marc.
357 3978 401 4043 90
426 3995 511 4058 sqq.:
537 3976 673 4044 Servom
695 3994 762 4041 una
785 3975 898 4058 mittit,
924 4026 1014 4040 .....
1077 3958 1078 3961 ¹

635 4083 728 4165 quasi
753 4083 802 4147 uti
826 4082 905 4147 mihi
928 4081 1015 4147 foret

427 4181 430 4186 ’
541 4194 670 4258 Custos.
