<?xml version="1.0" encoding="UTF-8"?>
<!DOCTYPE html PUBLIC "-//W3C//DTD XHTML 1.0 Transitional//EN"
    "http://www.w3.org/TR/xhtml1/DTD/xhtml1-transitional.dtd">
<html xmlns="http://www.w3.org/1999/xhtml" xml:lang="en" lang="en">
 <head>
  <title>
</title>
<meta http-equiv="Content-Type" content="text/html;charset=utf-8" />
  <meta name='ocr-system' content='tesseract 3.04.00' />
  <meta name='ocr-capabilities' content='ocr_page ocr_carea ocr_par ocr_line ocrx_word'/>
</head>
<body>
  <div class='ocr_page' id='page_1' title='image "./deconsecutionet00wirtgoog_0046.png"; bbox 0 0 2940 4778; ppageno 0'>
   <div class='ocr_carea' id='block_1_1' title="bbox 705 279 746 342">
    <p class='ocr_par' dir='ltr' id='par_1_1' title="bbox 705 279 746 342">
     <span class='ocr_line' id='line_1_1' title="bbox 705 279 746 342; baseline -0.024 0"><span class='ocrx_word' id='word_1_1' title='bbox 705 279 746 342; x_wconf 91' lang='grc'>41</span> 
     </span>
    </p>
   </div>
   <div class='ocr_carea' id='block_1_2' title="bbox 193 473 1259 1103">
    <p class='ocr_par' dir='ltr' id='par_1_2' title="bbox 193 473 1259 985">
     <span class='ocr_line' id='line_1_2' title="bbox 193 473 1257 562; baseline 0.004 -23"><span class='ocrx_word' id='word_1_2' title='bbox 193 473 441 562; x_wconf 86' lang='lat' dir='ltr'>[Fleckeisenus</span> <span class='ocrx_word' id='word_1_3' title='bbox 465 473 697 557; x_wconf 78' lang='lat' dir='ltr'>„scriptumst‘</span> <span class='ocrx_word' id='word_1_4' title='bbox 722 493 763 538; x_wconf 87' lang='lat' dir='ltr'>ex</span> <span class='ocrx_word' id='word_1_5' title='bbox 786 473 965 556; x_wconf 88' lang='lat' dir='ltr'>„seriptum</span> <span class='ocrx_word' id='word_1_6' title='bbox 989 479 1100 541; x_wconf 76' lang='lat' dir='ltr'>asser‘</span> <span class='ocrx_word' id='word_1_7' title='bbox 1125 496 1257 559; x_wconf 86' lang='lat' dir='ltr'>corrup-</span> 
     </span>
     <span class='ocr_line' id='line_1_3' title="bbox 193 579 1259 666; baseline 0.001 -18"><span class='ocrx_word' id='word_1_8' title='bbox 193 587 261 648; x_wconf 90' lang='lat' dir='ltr'>tum</span> <span class='ocrx_word' id='word_1_9' title='bbox 285 600 358 648; x_wconf 89' lang='lat' dir='ltr'>esse</span> <span class='ocrx_word' id='word_1_10' title='bbox 382 585 476 646; x_wconf 89' lang='lat' dir='ltr'>ratus</span> <span class='ocrx_word' id='word_1_11' title='bbox 498 580 532 645; x_wconf 93' lang='lat' dir='ltr'>in</span> <span class='ocrx_word' id='word_1_12' title='bbox 550 585 676 645; x_wconf 88' lang='lat' dir='ltr'>textum</span> <span class='ocrx_word' id='word_1_13' title='bbox 691 579 754 646; x_wconf 83' lang='lat' dir='ltr'>lroc</span> <span class='ocrx_word' id='word_1_14' title='bbox 768 580 902 663; x_wconf 86' lang='lat' dir='ltr'>recepit.</span> <span class='ocrx_word' id='word_1_15' title='bbox 951 583 1045 666; x_wconf 82' lang='lat' dir='ltr'>Quae</span> <span class='ocrx_word' id='word_1_16' title='bbox 1069 583 1259 650; x_wconf 86' lang='lat' dir='ltr'>coniectura</span> 
     </span>
     <span class='ocr_line' id='line_1_4' title="bbox 193 682 1257 774; baseline 0.002 -20"><span class='ocrx_word' id='word_1_17' title='bbox 193 689 402 774; x_wconf 90' lang='lat' dir='ltr'>quamobrem</span> <span class='ocrx_word' id='word_1_18' title='bbox 426 685 470 752; x_wconf 90' lang='lat' dir='ltr'>sit</span> <span class='ocrx_word' id='word_1_19' title='bbox 492 685 683 753; x_wconf 87' lang='lat' dir='ltr'>necessaria</span> <span class='ocrx_word' id='word_1_20' title='bbox 705 705 771 753; x_wconf 91' lang='lat' dir='ltr'>non</span> <span class='ocrx_word' id='word_1_21' title='bbox 787 682 956 770; x_wconf 77' lang='lat' dir='ltr'>intellego,</span> <span class='ocrx_word' id='word_1_22' title='bbox 982 707 1055 754; x_wconf 89' lang='lat' dir='ltr'>eum</span> <span class='ocrx_word' id='word_1_23' title='bbox 1071 709 1092 755; x_wconf 88' lang='lat' dir='ltr'>a</span> <span class='ocrx_word' id='word_1_24' title='bbox 1108 708 1257 756; x_wconf 84' lang='lat' dir='ltr'>sermone</span> 
     </span>
     <span class='ocr_line' id='line_1_5' title="bbox 195 794 1257 879; baseline 0.003 -18"><span class='ocrx_word' id='word_1_25' title='bbox 195 795 360 862; x_wconf 86' lang='lat' dir='ltr'>cotidiano</span> <span class='ocrx_word' id='word_1_26' title='bbox 384 813 450 860; x_wconf 91' lang='lat' dir='ltr'>nou</span> <span class='ocrx_word' id='word_1_27' title='bbox 474 794 651 860; x_wconf 91' lang='lat' dir='ltr'>abhorreat</span> <span class='ocrx_word' id='word_1_28' title='bbox 673 794 758 860; x_wconf 90' lang='lat' dir='ltr'>hano</span> <span class='ocrx_word' id='word_1_29' title='bbox 783 794 981 860; x_wconf 84' lang='lat' dir='ltr'>sententiam</span> <span class='ocrx_word' id='word_1_30' title='bbox 1005 801 1043 861; x_wconf 93' lang='lat' dir='ltr'>ut</span> <span class='ocrx_word' id='word_1_31' title='bbox 1067 815 1159 863; x_wconf 86' lang='lat' dir='ltr'>suam</span> <span class='ocrx_word' id='word_1_32' title='bbox 1182 817 1257 879; x_wconf 90' lang='lat' dir='ltr'>pro-</span> 
     </span>
     <span class='ocr_line' id='line_1_6' title="bbox 194 900 1107 985; baseline 0 -17"><span class='ocrx_word' id='word_1_33' title='bbox 194 902 349 969; x_wconf 86' lang='lat' dir='ltr'>nuntiare</span> <span class='ocrx_word' id='word_1_34' title='bbox 372 900 611 968; x_wconf 85' lang='lat' dir='ltr'>Cureulionem.</span> <span class='ocrx_word' id='word_1_35' title='bbox 658 902 753 985; x_wconf 77' lang='lat' dir='ltr'>Quod</span> <span class='ocrx_word' id='word_1_36' title='bbox 775 902 933 985; x_wconf 87' lang='lat' dir='ltr'>probatur</span> <span class='ocrx_word' id='word_1_37' title='bbox 956 902 1107 969; x_wconf 88' lang='lat' dir='ltr'>versibus</span> 
     </span>
    </p>

    <p class='ocr_par' dir='ltr' id='par_1_3' title="bbox 194 1007 1258 1103">
     <span class='ocr_line' id='line_1_7' title="bbox 194 1007 1258 1103; baseline 0.002 -28"><span class='ocrx_word' id='word_1_38' title='bbox 194 1097 197 1103; x_wconf 92' lang='lat'>.</span> <span class='ocrx_word' id='word_1_39' title='bbox 235 1009 285 1076; x_wconf 92' lang='lat' dir='ltr'>Pl.</span> <span class='ocrx_word' id='word_1_40' title='bbox 310 1009 429 1075; x_wconf 86' lang='lat' dir='ltr'>Bacch.</span> <span class='ocrx_word' id='word_1_41' title='bbox 455 1009 520 1075; x_wconf 85' lang='lat'>953</span> <span class='ocrx_word' id='word_1_42' title='bbox 546 1028 631 1093; x_wconf 85' lang='lat' dir='ltr'>sqq:</span> <span class='ocrx_word' id='word_1_43' title='bbox 657 1007 719 1074; x_wconf 89' lang='lat' dir='ltr'>Ilio</span> <span class='ocrx_word' id='word_1_44' title='bbox 744 1007 811 1074; x_wconf 89' lang='lat' dir='ltr'>tria</span> <span class='ocrx_word' id='word_1_45' title='bbox 826 1007 929 1075; x_wconf 84' lang='lat' dir='ltr'>fuisse</span> <span class='ocrx_word' id='word_1_46' title='bbox 946 1009 1058 1076; x_wconf 86' lang='lat' dir='ltr'>audivi</span> <span class='ocrx_word' id='word_1_47' title='bbox 1074 1009 1157 1094; x_wconf 84' lang='lat' dir='ltr'>fata,</span> <span class='ocrx_word' id='word_1_48' title='bbox 1174 1030 1258 1095; x_wconf 90' lang='lat' dir='ltr'>quae</span> 
     </span>
    </p>
   </div>
   <div class='ocr_carea' id='block_1_3' title="bbox 244 1115 1258 1522">
    <p class='ocr_par' dir='ltr' id='par_1_4' title="bbox 244 1115 1258 1522">
     <span class='ocr_line' id='line_1_8' title="bbox 885 1115 1212 1183; baseline 0.009 -3"><span class='ocrx_word' id='word_1_49' title='bbox 885 1115 937 1181; x_wconf 89' lang='lat' dir='ltr'>illi</span> <span class='ocrx_word' id='word_1_50' title='bbox 959 1115 1070 1182; x_wconf 87' lang='lat' dir='ltr'>forent</span> <span class='ocrx_word' id='word_1_51' title='bbox 1093 1116 1212 1183; x_wconf 86' lang='lat' dir='ltr'>exitio:</span> 
     </span>
     <span class='ocr_line' id='line_1_9' title="bbox 406 1222 1258 1306; baseline 0.001 -18"><span class='ocrx_word' id='word_1_52' title='bbox 406 1222 540 1305; x_wconf 82' lang='lat' dir='ltr'>Signum</span> <span class='ocrx_word' id='word_1_53' title='bbox 564 1242 605 1288; x_wconf 87' lang='lat' dir='ltr'>ex</span> <span class='ocrx_word' id='word_1_54' title='bbox 628 1242 704 1289; x_wconf 87' lang='lat' dir='ltr'>aree</span> <span class='ocrx_word' id='word_1_55' title='bbox 721 1222 749 1287; x_wconf 91' lang='lat' dir='ltr'>si</span> <span class='ocrx_word' id='word_1_56' title='bbox 765 1222 935 1306; x_wconf 86' lang='lat' dir='ltr'>periisset:</span> <span class='ocrx_word' id='word_1_57' title='bbox 962 1223 1103 1289; x_wconf 87' lang='lat' dir='ltr'>alterum</span> <span class='ocrx_word' id='word_1_58' title='bbox 1128 1223 1258 1303; x_wconf 80' lang='lat' dir='ltr'>etiamst</span> 
     </span>
     <span class='ocr_line' id='line_1_10' title="bbox 323 1329 1205 1424; baseline 0.001 -27"><span class='ocrx_word' id='word_1_59' title='bbox 323 1418 327 1423; x_wconf 19' lang='lat'>¹</span> <span class='ocrx_word' id='word_1_60' title='bbox 521 1420 523 1424; x_wconf 5' lang='grc' dir='ltr'>μ</span> <span class='ocrx_word' id='word_1_61' title='bbox 975 1329 1079 1397; x_wconf 81' lang='lat' dir='ltr'>Troili</span> <span class='ocrx_word' id='word_1_62' title='bbox 1101 1351 1205 1398; x_wconf 90' lang='lat' dir='ltr'>mors:</span> 
     </span>
     <span class='ocr_line' id='line_1_11' title="bbox 244 1436 1258 1522; baseline 0.003 -21"><span class='ocrx_word' id='word_1_63' title='bbox 244 1468 247 1478; x_wconf 78' lang='lat'><em>,</em></span> <span class='ocrx_word' id='word_1_64' title='bbox 405 1436 552 1502; x_wconf 81' lang='lat' dir='ltr'>&#39;l&#39;ertium</span> <span class='ocrx_word' id='word_1_65' title='bbox 564 1456 661 1522; x_wconf 90' lang='lat' dir='ltr'>quom</span> <span class='ocrx_word' id='word_1_66' title='bbox 677 1442 793 1520; x_wconf 85' lang='lat' dir='ltr'>portae</span> <span class='ocrx_word' id='word_1_67' title='bbox 805 1436 972 1521; x_wconf 84' lang='lat' dir='ltr'>Phrygiae</span> <span class='ocrx_word' id='word_1_68' title='bbox 988 1437 1088 1504; x_wconf 88' lang='lat' dir='ltr'>limen</span> <span class='ocrx_word' id='word_1_69' title='bbox 1106 1457 1258 1521; x_wconf 89' lang='lat' dir='ltr'>superum</span> 
     </span>
    </p>
   </div>
   <div class='ocr_carea' id='block_1_4' title="bbox 191 1545 1260 1848">
    <p class='ocr_par' dir='ltr' id='par_1_5' title="bbox 191 1545 1260 1848">
     <span class='ocr_line' id='line_1_12' title="bbox 954 1545 1169 1612; baseline 0.014 -3"><span class='ocrx_word' id='word_1_70' title='bbox 954 1545 1169 1612; x_wconf 84' lang='lat' dir='ltr'>scinderetur.</span> 
     </span>
     <span class='ocr_line' id='line_1_13' title="bbox 191 1650 1260 1736; baseline 0.002 -19"><span class='ocrx_word' id='word_1_71' title='bbox 191 1651 246 1718; x_wconf 90' lang='lat' dir='ltr'>ubi</span> <span class='ocrx_word' id='word_1_72' title='bbox 269 1654 382 1717; x_wconf 89' lang='lat' dir='ltr'>eodem</span> <span class='ocrx_word' id='word_1_73' title='bbox 407 1652 501 1717; x_wconf 88' lang='lat' dir='ltr'>modo</span> <span class='ocrx_word' id='word_1_74' title='bbox 525 1650 581 1736; x_wconf 93' lang='lat' dir='ltr'>qui</span> <span class='ocrx_word' id='word_1_75' title='bbox 605 1650 751 1736; x_wconf 91' lang='lat' dir='ltr'>loquitur</span> <span class='ocrx_word' id='word_1_76' title='bbox 780 1651 814 1718; x_wconf 90' lang='lat' dir='ltr'>id</span> <span class='ocrx_word' id='word_1_77' title='bbox 843 1653 929 1736; x_wconf 87' lang='lat' dir='ltr'>quod</span> <span class='ocrx_word' id='word_1_78' title='bbox 962 1672 1003 1718; x_wconf 84' lang='lat' dir='ltr'>ex</span> <span class='ocrx_word' id='word_1_79' title='bbox 1033 1652 1099 1719; x_wconf 89' lang='lat' dir='ltr'>alio</span> <span class='ocrx_word' id='word_1_80' title='bbox 1131 1653 1260 1720; x_wconf 89' lang='lat' dir='ltr'>audivit</span> 
     </span>
     <span class='ocr_line' id='line_1_14' title="bbox 192 1758 1160 1848; baseline -0.001 -22"><span class='ocrx_word' id='word_1_81' title='bbox 192 1766 357 1844; x_wconf 86' lang='lat' dir='ltr'>tamquam</span> <span class='ocrx_word' id='word_1_82' title='bbox 381 1778 472 1825; x_wconf 86' lang='lat' dir='ltr'>suam</span> <span class='ocrx_word' id='word_1_83' title='bbox 496 1758 689 1841; x_wconf 90' lang='lat' dir='ltr'>pronuntiat</span> <span class='ocrx_word' id='word_1_84' title='bbox 711 1758 912 1826; x_wconf 86' lang='lat' dir='ltr'>sententiam</span> <span class='ocrx_word' id='word_1_85' title='bbox 936 1759 1160 1848; x_wconf 78' lang='lat' dir='ltr'>(etiam(e)st).]</span> 
     </span>
    </p>
   </div>
   <div class='ocr_carea' id='block_1_5' title="bbox 235 1884 1291 2506">
    <p class='ocr_par' dir='ltr' id='par_1_6' title="bbox 235 1884 1291 2506">
     <span class='ocr_line' id='line_1_15' title="bbox 304 1884 1168 1950; baseline -0.005 0"><span class='ocrx_word' id='word_1_86' title='bbox 304 1884 393 1950; x_wconf 80' lang='lat' dir='ltr'>&#39;l&#39;rim</span> <span class='ocrx_word' id='word_1_87' title='bbox 422 1884 616 1950; x_wconf 79' lang='lat'>119—122:</span> <span class='ocrx_word' id='word_1_88' title='bbox 1166 1943 1168 1946; x_wconf 77' lang='grc'>,</span> 
     </span>
     <span class='ocr_line' id='line_1_16' title="bbox 402 1990 1256 2078; baseline 0.002 -21"><span class='ocrx_word' id='word_1_89' title='bbox 402 1991 444 2058; x_wconf 84' lang='grc' dir='ltr'>Εἰ</span> <span class='ocrx_word' id='word_1_90' title='bbox 457 1991 506 2057; x_wconf 89' lang='lat' dir='ltr'>rei</span> <span class='ocrx_word' id='word_1_91' title='bbox 519 2010 652 2073; x_wconf 90' lang='lat' dir='ltr'>operam</span> <span class='ocrx_word' id='word_1_92' title='bbox 664 1991 742 2057; x_wconf 88' lang='lat' dir='ltr'>dare</span> <span class='ocrx_word' id='word_1_93' title='bbox 756 1997 789 2057; x_wconf 89' lang='lat' dir='ltr'>te</span> <span class='ocrx_word' id='word_1_94' title='bbox 801 1990 913 2057; x_wconf 87' lang='lat' dir='ltr'>fuerat</span> <span class='ocrx_word' id='word_1_95' title='bbox 924 1991 1094 2076; x_wconf 88' lang='lat' dir='ltr'>aliquanto</span> <span class='ocrx_word' id='word_1_96' title='bbox 1108 1993 1256 2078; x_wconf 78' lang='lat' dir='ltr'>aequiuS,</span> 
     </span>
     <span class='ocr_line' id='line_1_17' title="bbox 404 2098 1158 2183; baseline 0.001 -19"><span class='ocrx_word' id='word_1_97' title='bbox 404 2099 439 2165; x_wconf 88' lang='lat' dir='ltr'>Si</span> <span class='ocrx_word' id='word_1_98' title='bbox 462 2098 518 2183; x_wconf 92' lang='lat' dir='ltr'>qui</span> <span class='ocrx_word' id='word_1_99' title='bbox 541 2099 725 2181; x_wconf 90' lang='lat' dir='ltr'>probiorem</span> <span class='ocrx_word' id='word_1_100' title='bbox 748 2098 858 2165; x_wconf 87' lang='lat' dir='ltr'>faeere</span> <span class='ocrx_word' id='word_1_101' title='bbox 875 2120 994 2182; x_wconf 82' lang='lat' dir='ltr'>posses,</span> <span class='ocrx_word' id='word_1_102' title='bbox 1018 2119 1084 2166; x_wconf 91' lang='lat' dir='ltr'>non</span> <span class='ocrx_word' id='word_1_103' title='bbox 1109 2099 1158 2166; x_wconf 88' lang='lat' dir='ltr'>nti</span> 
     </span>
     <span class='ocr_line' id='line_1_18' title="bbox 403 2205 1079 2273; baseline 0.003 -3"><span class='ocrx_word' id='word_1_104' title='bbox 403 2207 442 2271; x_wconf 90' lang='lat' dir='ltr'>In</span> <span class='ocrx_word' id='word_1_105' title='bbox 467 2206 604 2271; x_wconf 87' lang='lat' dir='ltr'>eandem</span> <span class='ocrx_word' id='word_1_106' title='bbox 628 2210 700 2271; x_wconf 90' lang='lat' dir='ltr'>tute</span> <span class='ocrx_word' id='word_1_107' title='bbox 725 2208 885 2273; x_wconf 76' lang='lat' dir='ltr'>accederes</span> <span class='ocrx_word' id='word_1_108' title='bbox 908 2205 1079 2272; x_wconf 86' lang='lat' dir='ltr'>infamiam</span> 
     </span>
     <span class='ocr_line' id='line_1_19' title="bbox 401 2302 1291 2398; baseline 0 -20"><span class='ocrx_word' id='word_1_109' title='bbox 401 2312 589 2398; x_wconf 90' lang='lat' dir='ltr'>Malumque</span> <span class='ocrx_word' id='word_1_110' title='bbox 612 2317 651 2379; x_wconf 87' lang='lat' dir='ltr'>ut</span> <span class='ocrx_word' id='word_1_111' title='bbox 674 2313 745 2379; x_wconf 91' lang='lat' dir='ltr'>eius</span> <span class='ocrx_word' id='word_1_112' title='bbox 769 2332 841 2379; x_wconf 90' lang='lat' dir='ltr'>oum</span> <span class='ocrx_word' id='word_1_113' title='bbox 865 2318 921 2380; x_wconf 93' lang='lat' dir='ltr'>tuo</span> <span class='ocrx_word' id='word_1_114' title='bbox 946 2316 1090 2381; x_wconf 78' lang='lat' dir='ltr'>misceres</span> <span class='ocrx_word' id='word_1_115' title='bbox 1114 2313 1210 2379; x_wconf 87' lang='lat' dir='ltr'>malo.</span> <span class='ocrx_word' id='word_1_116' title='bbox 1289 2302 1291 2306; x_wconf 44' lang='lat'><em>&#39;</em></span> 
     </span>
     <span class='ocr_line' id='line_1_20' title="bbox 235 2419 1231 2506; baseline -0.002 -19"><span class='ocrx_word' id='word_1_117' title='bbox 235 2423 308 2487; x_wconf 82' lang='lat' dir='ltr'>Ter.</span> <span class='ocrx_word' id='word_1_118' title='bbox 333 2421 417 2486; x_wconf 77' lang='lat' dir='ltr'>llum.</span> <span class='ocrx_word' id='word_1_119' title='bbox 443 2423 524 2488; x_wconf 81' lang='lat'>699:</span> <span class='ocrx_word' id='word_1_120' title='bbox 556 2420 629 2506; x_wconf 89' lang='lat' dir='ltr'>quis</span> <span class='ocrx_word' id='word_1_121' title='bbox 652 2426 729 2488; x_wconf 87' lang='lat' dir='ltr'>esset</span> <span class='ocrx_word' id='word_1_122' title='bbox 751 2440 903 2506; x_wconf 90' lang='lat' dir='ltr'>umquam</span> <span class='ocrx_word' id='word_1_123' title='bbox 928 2421 1097 2488; x_wconf 87' lang='lat' dir='ltr'>audieram</span> <span class='ocrx_word' id='word_1_124' title='bbox 1121 2419 1231 2486; x_wconf 87' lang='lat' dir='ltr'>dicier.</span> 
     </span>
    </p>
   </div>
   <div class='ocr_carea' id='block_1_6' title="bbox 517 2565 930 2646">
    <p class='ocr_par' dir='ltr' id='par_1_7' title="bbox 517 2565 930 2646">
     <span class='ocr_line' id='line_1_21' title="bbox 517 2565 930 2646; baseline 0.002 -16"><span class='ocrx_word' id='word_1_125' title='bbox 517 2567 548 2630; x_wconf 77' lang='lat'>4.</span> <span class='ocrx_word' id='word_1_126' title='bbox 578 2566 759 2646; x_wconf 78' lang='lat' dir='ltr'>praesectis</span> <span class='ocrx_word' id='word_1_127' title='bbox 781 2565 930 2631; x_wconf 77' lang='lat' dir='ltr'>historici.</span> 
     </span>
    </p>
   </div>
   <div class='ocr_carea' id='block_1_7' title="bbox 231 2689 1257 3740">
    <p class='ocr_par' dir='ltr' id='par_1_8' title="bbox 231 2689 1257 3740">
     <span class='ocr_line' id='line_1_22' title="bbox 234 2689 1257 2774; baseline -0.001 -18"><span class='ocrx_word' id='word_1_128' title='bbox 234 2690 282 2756; x_wconf 92' lang='lat' dir='ltr'>Pl.</span> <span class='ocrx_word' id='word_1_129' title='bbox 308 2689 399 2755; x_wconf 87' lang='lat' dir='ltr'>Asin.</span> <span class='ocrx_word' id='word_1_130' title='bbox 426 2692 491 2756; x_wconf 81' lang='lat'>343</span> <span class='ocrx_word' id='word_1_131' title='bbox 519 2708 582 2774; x_wconf 85' lang='lat' dir='ltr'>sq:</span> <span class='ocrx_word' id='word_1_132' title='bbox 619 2691 738 2755; x_wconf 91' lang='lat' dir='ltr'>Verum</span> <span class='ocrx_word' id='word_1_133' title='bbox 769 2689 802 2754; x_wconf 92' lang='lat' dir='ltr'>in</span> <span class='ocrx_word' id='word_1_134' title='bbox 834 2691 998 2757; x_wconf 84' lang='lat' dir='ltr'>tonstrina</span> <span class='ocrx_word' id='word_1_135' title='bbox 1027 2696 1064 2757; x_wconf 94' lang='lat' dir='ltr'>ut</span> <span class='ocrx_word' id='word_1_136' title='bbox 1096 2691 1257 2771; x_wconf 87' lang='lat' dir='ltr'>sedebam,</span> 
     </span>
     <span class='ocr_line' id='line_1_23' title="bbox 448 2793 1192 2881; baseline 0.001 -20"><span class='ocrx_word' id='word_1_137' title='bbox 448 2793 451 2799; x_wconf 83' lang='lat'>&#39;</span> <span class='ocrx_word' id='word_1_138' title='bbox 785 2817 835 2863; x_wconf 88' lang='lat' dir='ltr'>me</span> <span class='ocrx_word' id='word_1_139' title='bbox 859 2797 933 2863; x_wconf 86' lang='lat' dir='ltr'>infit</span> <span class='ocrx_word' id='word_1_140' title='bbox 956 2798 1192 2881; x_wconf 88' lang='lat' dir='ltr'>percontarier.</span> 
     </span>
     <span class='ocr_line' id='line_1_24' title="bbox 401 2903 1256 2988; baseline 0 -18"><span class='ocrx_word' id='word_1_141' title='bbox 401 2905 547 2988; x_wconf 78' lang='lat' dir='ltr'>Ecquem</span> <span class='ocrx_word' id='word_1_142' title='bbox 558 2903 661 2968; x_wconf 86' lang='lat' dir='ltr'>filium</span> <span class='ocrx_word' id='word_1_143' title='bbox 674 2904 842 2970; x_wconf 86' lang='lat' dir='ltr'>Stratonis</span> <span class='ocrx_word' id='word_1_144' title='bbox 857 2906 997 2970; x_wconf 76' lang='lat' dir='ltr'>creverim</span> <span class='ocrx_word' id='word_1_145' title='bbox 1010 2907 1256 2971; x_wconf 87' lang='lat' dir='ltr'>Demaenetum.</span> 
     </span>
     <span class='ocr_line' id='line_1_25' title="bbox 233 3029 696 3115; baseline -0.004 -19"><span class='ocrx_word' id='word_1_146' title='bbox 233 3029 312 3096; x_wconf 82' lang='lat' dir='ltr'>Oist.</span> <span class='ocrx_word' id='word_1_147' title='bbox 338 3031 364 3112; x_wconf 95' lang='lat' dir='ltr'>I,</span> <span class='ocrx_word' id='word_1_148' title='bbox 390 3032 419 3111; x_wconf 85' lang='lat'>3,</span> <span class='ocrx_word' id='word_1_149' title='bbox 445 3030 487 3096; x_wconf 84' lang='lat'>35</span> <span class='ocrx_word' id='word_1_150' title='bbox 512 3029 603 3115; x_wconf 86' lang='lat'>(181)</span> <span class='ocrx_word' id='word_1_151' title='bbox 632 3047 696 3114; x_wconf 83' lang='lat' dir='ltr'>sq:</span> 
     </span>
     <span class='ocr_line' id='line_1_26' title="bbox 323 3137 1166 3223; baseline 0.001 -21"><span class='ocrx_word' id='word_1_152' title='bbox 323 3137 445 3202; x_wconf 75' lang='lat' dir='ltr'>=Iubet</span> <span class='ocrx_word' id='word_1_153' title='bbox 468 3137 560 3202; x_wconf 93' lang='lat' dir='ltr'>illum</span> <span class='ocrx_word' id='word_1_154' title='bbox 583 3137 722 3202; x_wconf 87' lang='lat' dir='ltr'>eundem</span> <span class='ocrx_word' id='word_1_155' title='bbox 744 3138 906 3222; x_wconf 82' lang='lat' dir='ltr'>persequi,</span> <span class='ocrx_word' id='word_1_156' title='bbox 932 3138 959 3204; x_wconf 88' lang='lat' dir='ltr'>si</span> <span class='ocrx_word' id='word_1_157' title='bbox 983 3158 1048 3223; x_wconf 87' lang='lat' dir='ltr'>qua</span> <span class='ocrx_word' id='word_1_158' title='bbox 1072 3144 1166 3222; x_wconf 79' lang='lat' dir='ltr'>queat</span> 
     </span>
     <span class='ocr_line' id='line_1_27' title="bbox 349 3242 833 3326; baseline 0.002 -18"><span class='ocrx_word' id='word_1_159' title='bbox 349 3242 517 3326; x_wconf 89' lang='lat' dir='ltr'>Reperire,</span> <span class='ocrx_word' id='word_1_160' title='bbox 543 3263 627 3324; x_wconf 89' lang='lat' dir='ltr'>quae</span> <span class='ocrx_word' id='word_1_161' title='bbox 653 3243 833 3310; x_wconf 88' lang='lat' dir='ltr'>sustulerit.</span> 
     </span>
     <span class='ocr_line' id='line_1_28' title="bbox 231 3351 1157 3437; baseline 0.001 -20"><span class='ocrx_word' id='word_1_162' title='bbox 231 3352 314 3417; x_wconf 87' lang='lat' dir='ltr'>Rud.</span> <span class='ocrx_word' id='word_1_163' title='bbox 340 3352 405 3418; x_wconf 87' lang='grc'>601</span> <span class='ocrx_word' id='word_1_164' title='bbox 431 3369 495 3436; x_wconf 86' lang='lat' dir='ltr'>sq:</span> <span class='ocrx_word' id='word_1_165' title='bbox 520 3351 659 3417; x_wconf 87' lang='lat' dir='ltr'>Videtur</span> <span class='ocrx_word' id='word_1_166' title='bbox 682 3352 724 3417; x_wconf 86' lang='lat' dir='ltr'>ad</span> <span class='ocrx_word' id='word_1_167' title='bbox 748 3371 798 3417; x_wconf 85' lang='lat' dir='ltr'>me</span> <span class='ocrx_word' id='word_1_168' title='bbox 823 3352 918 3418; x_wconf 89' lang='lat' dir='ltr'>simia</span> <span class='ocrx_word' id='word_1_169' title='bbox 943 3353 1157 3437; x_wconf 82' lang='lat' dir='ltr'>adgredirier,</span> 
     </span>
     <span class='ocr_line' id='line_1_29' title="bbox 444 3458 1164 3540; baseline 0.004 -17"><span class='ocrx_word' id='word_1_170' title='bbox 444 3458 576 3540; x_wconf 87' lang='lat' dir='ltr'>Rogare</span> <span class='ocrx_word' id='word_1_171' title='bbox 600 3459 709 3525; x_wconf 88' lang='lat' dir='ltr'>scalas</span> <span class='ocrx_word' id='word_1_172' title='bbox 730 3464 768 3524; x_wconf 91' lang='lat' dir='ltr'>ut</span> <span class='ocrx_word' id='word_1_173' title='bbox 790 3460 900 3526; x_wconf 80' lang='lat' dir='ltr'>dorem</span> <span class='ocrx_word' id='word_1_174' title='bbox 923 3460 1066 3526; x_wconf 88' lang='lat' dir='ltr'>utendas</span> <span class='ocrx_word' id='word_1_175' title='bbox 1091 3459 1164 3527; x_wconf 88' lang='lat' dir='ltr'>sibi.</span> 
     </span>
     <span class='ocr_line' id='line_1_30' title="bbox 233 3565 1255 3651; baseline 0.002 -20"><span class='ocrx_word' id='word_1_176' title='bbox 233 3565 320 3631; x_wconf 80' lang='lat' dir='ltr'>Trio.</span> <span class='ocrx_word' id='word_1_177' title='bbox 349 3567 406 3631; x_wconf 77' lang='lat'>14:</span> <span class='ocrx_word' id='word_1_178' title='bbox 431 3565 593 3649; x_wconf 78' lang='lat' dir='ltr'>Quoniam</span> <span class='ocrx_word' id='word_1_179' title='bbox 623 3565 663 3647; x_wconf 88' lang='lat' dir='ltr'>ei,</span> <span class='ocrx_word' id='word_1_180' title='bbox 689 3565 745 3651; x_wconf 86' lang='lat' dir='ltr'>qui</span> <span class='ocrx_word' id='word_1_181' title='bbox 768 3585 819 3631; x_wconf 90' lang='lat' dir='ltr'>me</span> <span class='ocrx_word' id='word_1_182' title='bbox 843 3565 949 3650; x_wconf 76' lang='lat' dir='ltr'>aimei,</span> <span class='ocrx_word' id='word_1_183' title='bbox 980 3565 1028 3632; x_wconf 92' lang='lat' dir='ltr'>nil</span> <span class='ocrx_word' id='word_1_184' title='bbox 1060 3567 1155 3634; x_wconf 85' lang='lat' dir='ltr'>uideo</span> <span class='ocrx_word' id='word_1_185' title='bbox 1181 3585 1255 3633; x_wconf 89' lang='lat' dir='ltr'>esse</span> 
     </span>
     <span class='ocr_line' id='line_1_31' title="bbox 1042 3673 1166 3740; baseline 0 -1"><span class='ocrx_word' id='word_1_186' title='bbox 1042 3673 1166 3740; x_wconf 88' lang='lat' dir='ltr'>relicui.</span> 
     </span>
    </p>
   </div>
   <div class='ocr_carea' id='block_1_8' title="bbox 185 3797 1255 4203">
    <p class='ocr_par' dir='ltr' id='par_1_9' title="bbox 185 3797 1255 4203">
     <span class='ocr_line' id='line_1_32' title="bbox 276 3797 1253 3885; baseline 0 -21"><span class='ocrx_word' id='word_1_187' title='bbox 276 3797 340 3864; x_wconf 81' lang='lat' dir='ltr'>Ofr.</span> <span class='ocrx_word' id='word_1_188' title='bbox 365 3798 475 3864; x_wconf 90' lang='lat' dir='ltr'>Aulul.</span> <span class='ocrx_word' id='word_1_189' title='bbox 501 3801 566 3865; x_wconf 86' lang='lat'>318</span> <span class='ocrx_word' id='word_1_190' title='bbox 591 3817 649 3884; x_wconf 79' lang='lat' dir='ltr'>sq,</span> <span class='ocrx_word' id='word_1_191' title='bbox 674 3799 766 3881; x_wconf 84' lang='lat' dir='ltr'>Capt.</span> <span class='ocrx_word' id='word_1_192' title='bbox 793 3801 857 3866; x_wconf 84' lang='lat'>365</span> <span class='ocrx_word' id='word_1_193' title='bbox 883 3817 962 3885; x_wconf 78' lang='lat' dir='ltr'>sqq,</span> <span class='ocrx_word' id='word_1_194' title='bbox 986 3800 1073 3865; x_wconf 89' lang='lat' dir='ltr'>Men.</span> <span class='ocrx_word' id='word_1_195' title='bbox 1091 3799 1156 3865; x_wconf 80' lang='grc'>524</span> <span class='ocrx_word' id='word_1_196' title='bbox 1174 3816 1253 3884; x_wconf 86' lang='lat' dir='ltr'>sqq,</span> 
     </span>
     <span class='ocr_line' id='line_1_33' title="bbox 185 3905 386 3971; baseline 0 0"><span class='ocrx_word' id='word_1_197' title='bbox 185 3905 285 3971; x_wconf 80' lang='lat' dir='ltr'>Marc.</span> <span class='ocrx_word' id='word_1_198' title='bbox 312 3907 386 3971; x_wconf 81' lang='lat'>240.</span> 
     </span>
     <span class='ocr_line' id='line_1_34' title="bbox 231 4012 1255 4098; baseline 0.003 -23"><span class='ocrx_word' id='word_1_199' title='bbox 231 4012 305 4076; x_wconf 80' lang='lat' dir='ltr'>Ter.</span> <span class='ocrx_word' id='word_1_200' title='bbox 337 4012 417 4078; x_wconf 89' lang='lat' dir='ltr'>Hee.</span> <span class='ocrx_word' id='word_1_201' title='bbox 449 4014 513 4079; x_wconf 82' lang='lat'>115</span> <span class='ocrx_word' id='word_1_202' title='bbox 546 4031 609 4098; x_wconf 87' lang='lat' dir='ltr'>sq:</span> <span class='ocrx_word' id='word_1_203' title='bbox 642 4013 793 4094; x_wconf 70' lang='lat' dir='ltr'>sinuabat,</span> <span class='ocrx_word' id='word_1_204' title='bbox 826 4018 865 4079; x_wconf 92' lang='lat' dir='ltr'>ut</span> <span class='ocrx_word' id='word_1_205' title='bbox 895 4032 967 4080; x_wconf 88' lang='lat' dir='ltr'>cum</span> <span class='ocrx_word' id='word_1_206' title='bbox 998 4012 1147 4096; x_wconf 84' lang='lat' dir='ltr'>maxime,</span> <span class='ocrx_word' id='word_1_207' title='bbox 1185 4018 1255 4079; x_wconf 90' lang='lat' dir='ltr'>tum</span> 
     </span>
     <span class='ocr_line' id='line_1_35' title="bbox 945 4119 1146 4203; baseline -0.01 -17"><span class='ocrx_word' id='word_1_208' title='bbox 945 4119 1146 4203; x_wconf 68' lang='lat' dir='ltr'>Pamphilus</span> 
     </span>
    </p>
   </div>
   <div class='ocr_carea' id='block_1_9' title="bbox 0 0 1474 4778">
    <p class='ocr_par' dir='ltr' id='par_1_10' title="bbox 0 0 1474 4778">
     <span class='ocr_line' id='line_1_36' title="bbox 0 0 1474 4778; baseline 0 1"><span class='ocrx_word' id='word_1_209' title='bbox 0 0 1474 4778; x_wconf 95' lang='lat' dir='ltr'> </span> 
     </span>
    </p>
   </div>
  </div>
 </body>
</html>
