<?xml version="1.0" encoding="UTF-8"?>
<!DOCTYPE html PUBLIC "-//W3C//DTD XHTML 1.0 Transitional//EN"
    "http://www.w3.org/TR/xhtml1/DTD/xhtml1-transitional.dtd">
<html xmlns="http://www.w3.org/1999/xhtml" xml:lang="en" lang="en">
 <head>
  <title>
</title>
<meta http-equiv="Content-Type" content="text/html;charset=utf-8" />
  <meta name='ocr-system' content='tesseract 3.04.00' />
  <meta name='ocr-capabilities' content='ocr_page ocr_carea ocr_par ocr_line ocrx_word'/>
</head>
<body>
  <div class='ocr_page' id='page_1' title='image "./deconsecutionet00wirtgoog_0025.png"; bbox 0 0 2940 4778; ppageno 0'>
   <div class='ocr_carea' id='block_1_1' title="bbox 712 319 756 384">
    <p class='ocr_par' dir='ltr' id='par_1_1' title="bbox 712 319 756 384">
     <span class='ocr_line' id='line_1_1' title="bbox 712 319 756 384; baseline 0 0"><span class='ocrx_word' id='word_1_1' title='bbox 712 319 756 384; x_wconf 84' lang='lat'>20</span> 
     </span>
    </p>
   </div>
   <div class='ocr_carea' id='block_1_2' title="bbox 243 511 1264 691">
    <p class='ocr_par' dir='ltr' id='par_1_2' title="bbox 243 511 1264 691">
     <span class='ocr_line' id='line_1_2' title="bbox 243 511 1264 601; baseline 0.005 -23"><span class='ocrx_word' id='word_1_2' title='bbox 243 514 353 598; x_wconf 83' lang='lat' dir='ltr'><strong>Atque</strong></span> <span class='ocrx_word' id='word_1_3' title='bbox 378 511 529 578; x_wconf 85' lang='lat' dir='ltr'>similiter</span> <span class='ocrx_word' id='word_1_4' title='bbox 554 515 654 579; x_wconf 85' lang='lat' dir='ltr'>Poen.</span> <span class='ocrx_word' id='word_1_5' title='bbox 679 515 742 580; x_wconf 88' lang='grc'>601</span> <span class='ocrx_word' id='word_1_6' title='bbox 769 532 853 600; x_wconf 89' lang='lat' dir='ltr'>sqq.:</span> <span class='ocrx_word' id='word_1_7' title='bbox 884 515 930 581; x_wconf 86' lang='lat' dir='ltr'>Et</span> <span class='ocrx_word' id='word_1_8' title='bbox 952 515 1081 601; x_wconf 87' lang='lat' dir='ltr'>quidem</span> <span class='ocrx_word' id='word_1_9' title='bbox 1109 516 1204 601; x_wconf 83' lang='lat' dir='ltr'>quasi</span> <span class='ocrx_word' id='word_1_10' title='bbox 1227 524 1264 585; x_wconf 91' lang='lat' dir='ltr'>tu</span> 
     </span>
     <span class='ocr_line' id='line_1_3' title="bbox 557 620 1221 691; baseline 0.005 -5"><span class='ocrx_word' id='word_1_11' title='bbox 557 620 725 688; x_wconf 87' lang='lat' dir='ltr'>nobiscum</span> <span class='ocrx_word' id='word_1_12' title='bbox 749 622 930 689; x_wconf 85' lang='lat' dir='ltr'>adveniens</span> <span class='ocrx_word' id='word_1_13' title='bbox 952 623 1048 689; x_wconf 87' lang='lat' dir='ltr'>hodie</span> <span class='ocrx_word' id='word_1_14' title='bbox 1073 624 1221 691; x_wconf 85' lang='lat' dir='ltr'>oraveris</span> 
     </span>
    </p>
   </div>
   <div class='ocr_carea' id='block_1_3' title="bbox 245 748 1266 1174">
    <p class='ocr_par' dir='ltr' id='par_1_3' title="bbox 245 748 1266 1174">
     <span class='ocr_line' id='line_1_4' title="bbox 360 748 1265 818; baseline 0.002 -4"><span class='ocrx_word' id='word_1_15' title='bbox 360 749 514 816; x_wconf 86' lang='lat' dir='ltr'>Liberum</span> <span class='ocrx_word' id='word_1_16' title='bbox 547 753 585 814; x_wconf 89' lang='lat' dir='ltr'>ut</span> <span class='ocrx_word' id='word_1_17' title='bbox 608 751 897 814; x_wconf 76' lang='lat' dir='ltr'><em>commostraremus</em></span> <span class='ocrx_word' id='word_1_18' title='bbox 923 748 984 814; x_wconf 89' lang='lat' dir='ltr'>tibi</span> <span class='ocrx_word' id='word_1_19' title='bbox 1011 750 1118 817; x_wconf 90' lang='lat' dir='ltr'>locum</span> <span class='ocrx_word' id='word_1_20' title='bbox 1146 757 1181 816; x_wconf 90' lang='lat' dir='ltr'>et</span> <span class='ocrx_word' id='word_1_21' title='bbox 1206 770 1265 818; x_wconf 92' lang='lat' dir='ltr'>vo-</span> 
     </span>
     <span class='ocr_line' id='line_1_5' title="bbox 1030 857 1219 941; baseline 0.005 -19"><span class='ocrx_word' id='word_1_22' title='bbox 1030 857 1219 941; x_wconf 86' lang='lat' dir='ltr'>luptarium,</span> 
     </span>
     <span class='ocr_line' id='line_1_6' title="bbox 360 963 895 1048; baseline 0 -18"><span class='ocrx_word' id='word_1_23' title='bbox 360 963 426 1031; x_wconf 88' lang='lat' dir='ltr'>Ubi</span> <span class='ocrx_word' id='word_1_24' title='bbox 450 985 544 1046; x_wconf 85' lang='lat' dir='ltr'>omes,</span> <span class='ocrx_word' id='word_1_25' title='bbox 563 967 662 1045; x_wconf 77' lang='lat' dir='ltr'>potae,</span> <span class='ocrx_word' id='word_1_26' title='bbox 681 984 895 1048; x_wconf 80' lang='lat' dir='ltr'>porpracccrc.</span> 
     </span>
     <span class='ocr_line' id='line_1_7' title="bbox 245 1088 1266 1174; baseline 0.003 -18"><span class='ocrx_word' id='word_1_27' title='bbox 245 1090 364 1157; x_wconf 84' lang='lat' dir='ltr'><strong>Pseud.</strong></span> <span class='ocrx_word' id='word_1_28' title='bbox 390 1091 454 1155; x_wconf 80' lang='lat'>795</span> <span class='ocrx_word' id='word_1_29' title='bbox 479 1107 542 1174; x_wconf 89' lang='lat' dir='ltr'>sq.:</span> <span class='ocrx_word' id='word_1_30' title='bbox 568 1088 654 1173; x_wconf 80' lang='lat' dir='ltr'>Quin</span> <span class='ocrx_word' id='word_1_31' title='bbox 671 1089 712 1154; x_wconf 92' lang='lat' dir='ltr'>ob</span> <span class='ocrx_word' id='word_1_32' title='bbox 736 1107 808 1154; x_wconf 88' lang='lat' dir='ltr'>eam</span> <span class='ocrx_word' id='word_1_33' title='bbox 831 1107 899 1154; x_wconf 88' lang='lat' dir='ltr'>rem</span> <span class='ocrx_word' id='word_1_34' title='bbox 923 1091 1028 1157; x_wconf 90' lang='lat' dir='ltr'>Orcus</span> <span class='ocrx_word' id='word_1_35' title='bbox 1054 1090 1200 1173; x_wconf 86' lang='lat' dir='ltr'>recipere</span> <span class='ocrx_word' id='word_1_36' title='bbox 1223 1094 1266 1159; x_wconf 90' lang='lat' dir='ltr'>ad</span> 
     </span>
    </p>
   </div>
   <div class='ocr_carea' id='block_1_4' title="bbox 381 1198 1167 1389">
    <p class='ocr_par' dir='ltr' id='par_1_4' title="bbox 381 1198 1167 1389">
     <span class='ocr_line' id='line_1_8' title="bbox 895 1198 1167 1265; baseline 0.011 -4"><span class='ocrx_word' id='word_1_37' title='bbox 895 1215 929 1262; x_wconf 93' lang='lat' dir='ltr'>se</span> <span class='ocrx_word' id='word_1_38' title='bbox 951 1198 1037 1264; x_wconf 89' lang='lat' dir='ltr'>hunc</span> <span class='ocrx_word' id='word_1_39' title='bbox 1060 1198 1167 1265; x_wconf 89' lang='lat' dir='ltr'>noluit</span> 
     </span>
     <span class='ocr_line' id='line_1_9' title="bbox 381 1302 1124 1389; baseline 0.003 -18"><span class='ocrx_word' id='word_1_40' title='bbox 381 1305 428 1371; x_wconf 93' lang='lat' dir='ltr'>Ut</span> <span class='ocrx_word' id='word_1_41' title='bbox 450 1308 527 1370; x_wconf 84' lang='lat' dir='ltr'>esset</span> <span class='ocrx_word' id='word_1_42' title='bbox 549 1302 603 1370; x_wconf 89' lang='lat' dir='ltr'>hic</span> <span class='ocrx_word' id='word_1_43' title='bbox 625 1303 681 1388; x_wconf 89' lang='lat' dir='ltr'>qui</span> <span class='ocrx_word' id='word_1_44' title='bbox 704 1303 842 1369; x_wconf 83' lang='lat' dir='ltr'>mortius</span> <span class='ocrx_word' id='word_1_45' title='bbox 866 1323 979 1370; x_wconf 90' lang='lat' dir='ltr'>cenam</span> <span class='ocrx_word' id='word_1_46' title='bbox 1003 1312 1124 1389; x_wconf 80' lang='lat' dir='ltr'>copmot.</span> 
     </span>
    </p>
   </div>
   <div class='ocr_carea' id='block_1_5' title="bbox 198 1428 1266 2048">
    <p class='ocr_par' dir='ltr' id='par_1_5' title="bbox 198 1428 1266 2048">
     <span class='ocr_line' id='line_1_10' title="bbox 243 1428 1265 1514; baseline 0.001 -17"><span class='ocrx_word' id='word_1_47' title='bbox 243 1431 317 1497; x_wconf 79' lang='lat' dir='ltr'>Cas</span> <span class='ocrx_word' id='word_1_48' title='bbox 342 1430 404 1510; x_wconf 85' lang='lat' dir='ltr'>III,</span> <span class='ocrx_word' id='word_1_49' title='bbox 430 1430 460 1510; x_wconf 90' lang='lat'>5,</span> <span class='ocrx_word' id='word_1_50' title='bbox 484 1429 544 1496; x_wconf 77' lang='lat'>44:</span> <span class='ocrx_word' id='word_1_51' title='bbox 573 1428 612 1494; x_wconf 91' lang='lat' dir='ltr'>Id</span> <span class='ocrx_word' id='word_1_52' title='bbox 635 1428 698 1494; x_wconf 88' lang='lat' dir='ltr'>huc</span> <span class='ocrx_word' id='word_1_53' title='bbox 720 1429 821 1494; x_wconf 87' lang='lat' dir='ltr'>missa</span> <span class='ocrx_word' id='word_1_54' title='bbox 846 1446 916 1494; x_wconf 88' lang='lat' dir='ltr'>sum</span> <span class='ocrx_word' id='word_1_55' title='bbox 939 1429 999 1495; x_wconf 88' lang='lat' dir='ltr'>tibi</span> <span class='ocrx_word' id='word_1_56' title='bbox 1022 1438 1061 1497; x_wconf 88' lang='lat' dir='ltr'>ut</span> <span class='ocrx_word' id='word_1_57' title='bbox 1085 1432 1227 1514; x_wconf 75' lang='lat' dir='ltr'>dicerem,</span> <span class='ocrx_word' id='word_1_58' title='bbox 1241 1433 1265 1511; x_wconf 86' lang='lat'>¹)</span> 
     </span>
     <span class='ocr_line' id='line_1_11' title="bbox 573 1536 762 1603; baseline 0.005 -1"><span class='ocrx_word' id='word_1_59' title='bbox 573 1536 620 1602; x_wconf 88' lang='lat' dir='ltr'>Ut</span> <span class='ocrx_word' id='word_1_60' title='bbox 643 1556 762 1603; x_wconf 84' lang='lat' dir='ltr'>comas.</span> 
     </span>
     <span class='ocr_line' id='line_1_12' title="bbox 199 1642 1266 1729; baseline 0.001 -20"><span class='ocrx_word' id='word_1_61' title='bbox 199 1643 365 1727; x_wconf 87' lang='lat' dir='ltr'>inpriore</span> <span class='ocrx_word' id='word_1_62' title='bbox 394 1642 524 1729; x_wconf 83' lang='lat' dir='ltr'>quidem</span> <span class='ocrx_word' id='word_1_63' title='bbox 548 1643 720 1709; x_wconf 87' lang='lat' dir='ltr'>enuntiato</span> <span class='ocrx_word' id='word_1_64' title='bbox 749 1643 943 1710; x_wconf 85' lang='lat' dir='ltr'>secundario</span> <span class='ocrx_word' id='word_1_65' title='bbox 975 1650 1102 1727; x_wconf 90' lang='lat' dir='ltr'>tempus</span> <span class='ocrx_word' id='word_1_66' title='bbox 1126 1644 1266 1712; x_wconf 89' lang='lat' dir='ltr'>subiecti</span> 
     </span>
     <span class='ocr_line' id='line_1_13' title="bbox 198 1750 1265 1834; baseline 0 -18"><span class='ocrx_word' id='word_1_67' title='bbox 198 1750 345 1834; x_wconf 90' lang='lat' dir='ltr'>primarii</span> <span class='ocrx_word' id='word_1_68' title='bbox 368 1756 477 1816; x_wconf 88' lang='lat' dir='ltr'>mente</span> <span class='ocrx_word' id='word_1_69' title='bbox 501 1755 642 1833; x_wconf 84' lang='lat' dir='ltr'>tenetur,</span> <span class='ocrx_word' id='word_1_70' title='bbox 675 1752 732 1817; x_wconf 88' lang='lat' dir='ltr'>sed</span> <span class='ocrx_word' id='word_1_71' title='bbox 761 1751 795 1816; x_wconf 95' lang='lat' dir='ltr'>in</span> <span class='ocrx_word' id='word_1_72' title='bbox 819 1751 925 1817; x_wconf 83' lang='lat' dir='ltr'>altero</span> <span class='ocrx_word' id='word_1_73' title='bbox 954 1751 996 1817; x_wconf 88' lang='lat' dir='ltr'>ab</span> <span class='ocrx_word' id='word_1_74' title='bbox 1020 1751 1077 1817; x_wconf 92' lang='lat' dir='ltr'>illo</span> <span class='ocrx_word' id='word_1_75' title='bbox 1101 1753 1265 1834; x_wconf 78' lang='lat' dir='ltr'>pendente</span> 
     </span>
     <span class='ocr_line' id='line_1_14' title="bbox 199 1856 1265 1943; baseline 0.002 -20"><span class='ocrx_word' id='word_1_76' title='bbox 199 1856 356 1940; x_wconf 87' lang='lat' dir='ltr'>temporis</span> <span class='ocrx_word' id='word_1_77' title='bbox 371 1857 557 1940; x_wconf 84' lang='lat' dir='ltr'>praesentis</span> <span class='ocrx_word' id='word_1_78' title='bbox 576 1877 638 1943; x_wconf 89' lang='lat' dir='ltr'>quo</span> <span class='ocrx_word' id='word_1_79' title='bbox 657 1857 823 1924; x_wconf 88' lang='lat' dir='ltr'>sententia</span> <span class='ocrx_word' id='word_1_80' title='bbox 843 1858 1045 1925; x_wconf 88' lang='lat' dir='ltr'>etiamnunc</span> <span class='ocrx_word' id='word_1_81' title='bbox 1067 1859 1160 1927; x_wconf 90' lang='lat' dir='ltr'>valet</span> <span class='ocrx_word' id='word_1_82' title='bbox 1176 1858 1265 1942; x_wconf 83' lang='lat' dir='ltr'>cogi-</span> 
     </span>
     <span class='ocr_line' id='line_1_15' title="bbox 200 1965 526 2048; baseline 0 -18"><span class='ocrx_word' id='word_1_83' title='bbox 200 1965 285 2032; x_wconf 81' lang='lat' dir='ltr'>tatio</span> <span class='ocrx_word' id='word_1_84' title='bbox 309 1965 384 2048; x_wconf 87' lang='lat' dir='ltr'>plus</span> <span class='ocrx_word' id='word_1_85' title='bbox 406 1970 526 2048; x_wconf 87' lang='lat' dir='ltr'>potest.</span> 
     </span>
    </p>
   </div>
   <div class='ocr_carea' id='block_1_6' title="bbox 288 2091 1377 2181">
    <p class='ocr_par' dir='ltr' id='par_1_6' title="bbox 288 2091 1377 2181">
     <span class='ocr_line' id='line_1_16' title="bbox 288 2091 1377 2181; baseline -0.001 -23"><span class='ocrx_word' id='word_1_86' title='bbox 288 2091 393 2158; x_wconf 81' lang='lat' dir='ltr'>Recte</span> <span class='ocrx_word' id='word_1_87' title='bbox 409 2093 565 2160; x_wconf 89' lang='lat' dir='ltr'>Rothinm</span> <span class='ocrx_word' id='word_1_88' title='bbox 581 2093 800 2176; x_wconf 82' lang='lat' dir='ltr'>explicavisse</span> <span class='ocrx_word' id='word_1_89' title='bbox 816 2115 847 2177; x_wconf 86' lang='lat' dir='ltr'>p.</span> <span class='ocrx_word' id='word_1_90' title='bbox 867 2097 887 2160; x_wconf 82' lang='lat'><strong>2</strong></span> <span class='ocrx_word' id='word_1_91' title='bbox 905 2112 950 2181; x_wconf 89' lang='lat' dir='ltr'>sq.</span> <span class='ocrx_word' id='word_1_92' title='bbox 969 2094 1066 2160; x_wconf 86' lang='lat' dir='ltr'>credo</span> <span class='ocrx_word' id='word_1_93' title='bbox 1083 2098 1265 2175; x_wconf 87' lang='lat' dir='ltr'>temporum</span> <span class='ocrx_word' id='word_1_94' title='bbox 1372 2101 1377 2111; x_wconf 86' lang='grc'><em>“</em></span> 
     </span>
    </p>
   </div>
   <div class='ocr_carea' id='block_1_7' title="bbox 198 2200 1265 2392">
    <p class='ocr_par' dir='ltr' id='par_1_7' title="bbox 198 2200 1265 2392">
     <span class='ocr_line' id='line_1_17' title="bbox 198 2200 1265 2287; baseline 0 -21"><span class='ocrx_word' id='word_1_95' title='bbox 198 2201 396 2266; x_wconf 84' lang='lat' dir='ltr'>varietatem</span> <span class='ocrx_word' id='word_1_96' title='bbox 417 2201 466 2267; x_wconf 94' lang='lat' dir='ltr'>Pl.</span> <span class='ocrx_word' id='word_1_97' title='bbox 490 2203 576 2267; x_wconf 90' lang='lat' dir='ltr'>Men.</span> <span class='ocrx_word' id='word_1_98' title='bbox 603 2204 666 2268; x_wconf 84' lang='lat'>784</span> <span class='ocrx_word' id='word_1_99' title='bbox 692 2219 755 2287; x_wconf 86' lang='lat' dir='ltr'>sq.:</span> <span class='ocrx_word' id='word_1_100' title='bbox 780 2202 934 2287; x_wconf 81' lang='lat' dir='ltr'>quotiens</span> <span class='ocrx_word' id='word_1_101' title='bbox 949 2203 1082 2268; x_wconf 85' lang='lat' dir='ltr'>tandem</span> <span class='ocrx_word' id='word_1_102' title='bbox 1099 2220 1159 2284; x_wconf 81' lang='lat' dir='ltr'>ego</span> <span class='ocrx_word' id='word_1_103' title='bbox 1176 2200 1265 2266; x_wconf 83' lang='lat' dir='ltr'>edixi</span> 
     </span>
     <span class='ocr_line' id='line_1_18' title="bbox 1103 2308 1172 2392; baseline -0.014 -17"><span class='ocrx_word' id='word_1_104' title='bbox 1103 2308 1172 2392; x_wconf 89' lang='lat' dir='ltr'>tibi,</span> 
     </span>
    </p>
   </div>
   <div class='ocr_carea' id='block_1_8' title="bbox 358 2416 1264 2717">
    <p class='ocr_par' dir='ltr' id='par_1_8' title="bbox 358 2416 1264 2717">
     <span class='ocr_line' id='line_1_19' title="bbox 358 2416 1264 2503; baseline -0.002 -19"><span class='ocrx_word' id='word_1_105' title='bbox 358 2418 405 2484; x_wconf 88' lang='lat' dir='ltr'>Ut</span> <span class='ocrx_word' id='word_1_106' title='bbox 417 2439 550 2500; x_wconf 82' lang='lat' dir='ltr'>cancros,</span> <span class='ocrx_word' id='word_1_107' title='bbox 574 2420 809 2484; x_wconf 83' lang='lat' dir='ltr'>neutermime</span> <span class='ocrx_word' id='word_1_108' title='bbox 833 2418 928 2485; x_wconf 83' lang='lat' dir='ltr'>iretis</span> <span class='ocrx_word' id='word_1_109' title='bbox 940 2438 1013 2485; x_wconf 90' lang='lat' dir='ltr'>oum</span> <span class='ocrx_word' id='word_1_110' title='bbox 1036 2416 1264 2503; x_wconf 84' lang='lat' dir='ltr'>querimonia?</span> 
     </span>
     <span class='ocr_line' id='line_1_20' title="bbox 358 2525 1263 2610; baseline -0.002 -19"><span class='ocrx_word' id='word_1_111' title='bbox 358 2527 444 2591; x_wconf 90' lang='lat' dir='ltr'>Men.</span> <span class='ocrx_word' id='word_1_112' title='bbox 460 2527 540 2592; x_wconf 86' lang='lat'><strong>788:</strong></span> <span class='ocrx_word' id='word_1_113' title='bbox 563 2525 715 2610; x_wconf 88' lang='lat' dir='ltr'>quotiens</span> <span class='ocrx_word' id='word_1_114' title='bbox 730 2526 912 2592; x_wconf 85' lang='lat' dir='ltr'>monstravi</span> <span class='ocrx_word' id='word_1_115' title='bbox 924 2525 995 2608; x_wconf 87' lang='lat' dir='ltr'>tibi,</span> <span class='ocrx_word' id='word_1_116' title='bbox 1008 2525 1079 2593; x_wconf 86' lang='lat' dir='ltr'>viro</span> <span class='ocrx_word' id='word_1_117' title='bbox 1091 2529 1263 2591; x_wconf 85' lang='lat' dir='ltr'>utmorem</span> 
     </span>
     <span class='ocr_line' id='line_1_21' title="bbox 1056 2634 1174 2717; baseline 0.008 -19"><span class='ocrx_word' id='word_1_118' title='bbox 1056 2634 1174 2717; x_wconf 74' lang='lat' dir='ltr'>poros?</span> 
     </span>
    </p>
   </div>
   <div class='ocr_carea' id='block_1_9' title="bbox 198 2758 1266 3166">
    <p class='ocr_par' dir='ltr' id='par_1_9' title="bbox 198 2758 1266 3166">
     <span class='ocr_line' id='line_1_22' title="bbox 288 2758 1266 2844; baseline -0.001 -19"><span class='ocrx_word' id='word_1_119' title='bbox 288 2759 351 2825; x_wconf 92' lang='lat' dir='ltr'>Illo</span> <span class='ocrx_word' id='word_1_120' title='bbox 376 2758 462 2826; x_wconf 91' lang='lat' dir='ltr'>enim</span> <span class='ocrx_word' id='word_1_121' title='bbox 485 2758 557 2824; x_wconf 90' lang='lat' dir='ltr'>loco</span> <span class='ocrx_word' id='word_1_122' title='bbox 578 2776 679 2824; x_wconf 86' lang='lat' dir='ltr'>senex</span> <span class='ocrx_word' id='word_1_123' title='bbox 700 2765 910 2844; x_wconf 86' lang='lat' dir='ltr'>tempusque</span> <span class='ocrx_word' id='word_1_124' title='bbox 930 2758 1000 2825; x_wconf 85' lang='lat' dir='ltr'>filia</span> <span class='ocrx_word' id='word_1_125' title='bbox 1019 2760 1061 2825; x_wconf 89' lang='lat' dir='ltr'>ad</span> <span class='ocrx_word' id='word_1_126' title='bbox 1080 2778 1152 2825; x_wconf 89' lang='lat' dir='ltr'>eum</span> <span class='ocrx_word' id='word_1_127' title='bbox 1171 2758 1266 2824; x_wconf 83' lang='lat' dir='ltr'>venit</span> 
     </span>
     <span class='ocr_line' id='line_1_23' title="bbox 198 2865 1265 2952; baseline -0.002 -20"><span class='ocrx_word' id='word_1_128' title='bbox 198 2867 335 2950; x_wconf 82' lang='lat' dir='ltr'>respicit</span> <span class='ocrx_word' id='word_1_129' title='bbox 357 2865 428 2952; x_wconf 86' lang='lat' dir='ltr'>(cfr.</span> <span class='ocrx_word' id='word_1_130' title='bbox 452 2866 471 2948; x_wconf 65' lang='grc' dir='ltr'><strong>ξ</strong></span> <span class='ocrx_word' id='word_1_131' title='bbox 495 2868 515 2933; x_wconf 81' lang='lat'>2</span> <span class='ocrx_word' id='word_1_132' title='bbox 537 2867 568 2931; x_wconf 89' lang='lat' dir='ltr'><strong>A</strong></span> <span class='ocrx_word' id='word_1_133' title='bbox 592 2867 711 2932; x_wconf 85' lang='lat' dir='ltr'>Bacch.</span> <span class='ocrx_word' id='word_1_134' title='bbox 737 2867 824 2952; x_wconf 82' lang='grc'><strong>676).</strong></span> <span class='ocrx_word' id='word_1_135' title='bbox 864 2865 1130 2948; x_wconf 83' lang='lat' dir='ltr'>Interrogatione</span> <span class='ocrx_word' id='word_1_136' title='bbox 1154 2871 1265 2931; x_wconf 86' lang='lat' dir='ltr'>autem</span> 
     </span>
     <span class='ocr_line' id='line_1_24' title="bbox 199 2972 1265 3059; baseline -0.002 -19"><span class='ocrx_word' id='word_1_137' title='bbox 199 2974 288 3041; x_wconf 90' lang='lat' dir='ltr'>filiae</span> <span class='ocrx_word' id='word_1_138' title='bbox 306 2972 391 3059; x_wconf 80' lang='lat' dir='ltr'>„Qui</span> <span class='ocrx_word' id='word_1_139' title='bbox 405 3026 412 3040; x_wconf 90' lang='lat'><strong>.</strong></span> <span class='ocrx_word' id='word_1_140' title='bbox 427 3026 433 3039; x_wconf 94' lang='lat'><em>.</em></span> <span class='ocrx_word' id='word_1_141' title='bbox 449 3025 455 3039; x_wconf 94' lang='lat'><strong>.</strong></span> <span class='ocrx_word' id='word_1_142' title='bbox 472 2976 671 3055; x_wconf 78' lang='lat' dir='ltr'>.possum?“</span> <span class='ocrx_word' id='word_1_143' title='bbox 695 2973 854 3055; x_wconf 88' lang='lat' dir='ltr'>impulsus</span> <span class='ocrx_word' id='word_1_144' title='bbox 869 2972 972 3039; x_wconf 89' lang='lat' dir='ltr'>iterat</span> <span class='ocrx_word' id='word_1_145' title='bbox 986 2977 1164 3055; x_wconf 89' lang='lat' dir='ltr'>praecepta</span> <span class='ocrx_word' id='word_1_146' title='bbox 1179 2992 1265 3057; x_wconf 87' lang='lat' dir='ltr'>quae</span> 
     </span>
     <span class='ocr_line' id='line_1_25' title="bbox 199 3079 1112 3166; baseline 0.001 -22"><span class='ocrx_word' id='word_1_147' title='bbox 199 3098 374 3163; x_wconf 86' lang='lat' dir='ltr'>peremne</span> <span class='ocrx_word' id='word_1_148' title='bbox 397 3079 598 3146; x_wconf 84' lang='lat' dir='ltr'>matrimonii</span> <span class='ocrx_word' id='word_1_149' title='bbox 621 3087 750 3162; x_wconf 86' lang='lat' dir='ltr'>tempus</span> <span class='ocrx_word' id='word_1_150' title='bbox 773 3082 979 3147; x_wconf 88' lang='lat' dir='ltr'>observanda</span> <span class='ocrx_word' id='word_1_151' title='bbox 1000 3079 1076 3145; x_wconf 83' lang='lat' dir='ltr'>sint.</span> <span class='ocrx_word' id='word_1_152' title='bbox 1086 3081 1112 3166; x_wconf 75' lang='grc'>2)</span> 
     </span>
    </p>
   </div>
   <div class='ocr_carea' id='block_1_10' title="bbox 243 3205 486 3288">
    <p class='ocr_par' dir='ltr' id='par_1_10' title="bbox 243 3205 486 3288">
     <span class='ocr_line' id='line_1_26' title="bbox 243 3205 486 3288; baseline 0 -16"><span class='ocrx_word' id='word_1_153' title='bbox 243 3207 318 3272; x_wconf 91' lang='lat' dir='ltr'>Huc</span> <span class='ocrx_word' id='word_1_154' title='bbox 340 3205 486 3288; x_wconf 83' lang='lat' dir='ltr'>pertinet</span> 
     </span>
    </p>
   </div>
   <div class='ocr_carea' id='block_1_11' title="bbox 243 3321 1265 3620">
    <p class='ocr_par' dir='ltr' id='par_1_11' title="bbox 243 3321 1265 3620">
     <span class='ocr_line' id='line_1_27' title="bbox 243 3321 1265 3408; baseline 0 -20"><span class='ocrx_word' id='word_1_155' title='bbox 243 3322 312 3388; x_wconf 90' lang='lat' dir='ltr'>Mil.</span> <span class='ocrx_word' id='word_1_156' title='bbox 344 3321 388 3405; x_wconf 86' lang='lat' dir='ltr'>gl.</span> <span class='ocrx_word' id='word_1_157' title='bbox 423 3323 507 3389; x_wconf 80' lang='lat'>1057</span> <span class='ocrx_word' id='word_1_158' title='bbox 542 3339 607 3407; x_wconf 86' lang='lat' dir='ltr'>sq.:</span> <span class='ocrx_word' id='word_1_159' title='bbox 641 3323 794 3408; x_wconf 88' lang='lat' dir='ltr'>quotiens</span> <span class='ocrx_word' id='word_1_160' title='bbox 824 3324 885 3389; x_wconf 89' lang='lat' dir='ltr'>hoo</span> <span class='ocrx_word' id='word_1_161' title='bbox 916 3324 987 3406; x_wconf 87' lang='lat' dir='ltr'>tibi,</span> <span class='ocrx_word' id='word_1_162' title='bbox 1021 3324 1169 3405; x_wconf 79' lang='lat' dir='ltr'>verbero,</span> <span class='ocrx_word' id='word_1_163' title='bbox 1203 3341 1265 3405; x_wconf 86' lang='lat' dir='ltr'>ego</span> 
     </span>
     <span class='ocr_line' id='line_1_28' title="bbox 1008 3430 1174 3512; baseline -0.006 -16"><span class='ocrx_word' id='word_1_164' title='bbox 1008 3430 1174 3512; x_wconf 77' lang='lat' dir='ltr'>interdixi,</span> 
     </span>
     <span class='ocr_line' id='line_1_29' title="bbox 422 3537 1183 3620; baseline 0 -18"><span class='ocrx_word' id='word_1_165' title='bbox 422 3537 530 3602; x_wconf 89' lang='lat' dir='ltr'>Meam</span> <span class='ocrx_word' id='word_1_166' title='bbox 553 3556 595 3603; x_wconf 94' lang='lat' dir='ltr'>ne</span> <span class='ocrx_word' id='word_1_167' title='bbox 620 3537 667 3602; x_wconf 90' lang='lat' dir='ltr'>sic</span> <span class='ocrx_word' id='word_1_168' title='bbox 689 3537 786 3620; x_wconf 80' lang='lat' dir='ltr'>volgo</span> <span class='ocrx_word' id='word_1_169' title='bbox 804 3537 1021 3620; x_wconf 66' lang='lat' dir='ltr'>pollictorem</span> <span class='ocrx_word' id='word_1_170' title='bbox 1043 3557 1183 3620; x_wconf 71' lang='lat' dir='ltr'>operans.</span> 
     </span>
    </p>
   </div>
   <div class='ocr_carea' id='block_1_12' title="bbox 201 3701 413 3716">
    <p class='ocr_par' dir='ltr' id='par_1_12' title="bbox 201 3701 413 3716">
     <span class='ocr_line' id='line_1_30' title="bbox 201 3701 413 3716; baseline 0 -5"><span class='ocrx_word' id='word_1_171' title='bbox 201 3701 413 3716; x_wconf 70' lang='lat' dir='ltr'><strong>—q—————-</strong></span> 
     </span>
    </p>
   </div>
   <div class='ocr_carea' id='block_1_13' title="bbox 231 3759 1265 4097">
    <p class='ocr_par' dir='ltr' id='par_1_13' title="bbox 231 3759 1265 4097">
     <span class='ocr_line' id='line_1_31' title="bbox 231 3759 1265 3831; baseline -0.006 -14"><span class='ocrx_word' id='word_1_172' title='bbox 231 3762 303 3831; x_wconf 76' lang='grc' dir='ltr'>1)Ιιι</span> <span class='ocrx_word' id='word_1_173' title='bbox 322 3760 380 3816; x_wconf 87' lang='lat' dir='ltr'>cod.</span> <span class='ocrx_word' id='word_1_174' title='bbox 403 3761 613 3827; x_wconf 83' lang='lat' dir='ltr'>A‚,dice..m“</span> <span class='ocrx_word' id='word_1_175' title='bbox 637 3777 698 3815; x_wconf 88' lang='lat' dir='ltr'>oum</span> <span class='ocrx_word' id='word_1_176' title='bbox 725 3760 815 3828; x_wconf 87' lang='lat' dir='ltr'>spatio</span> <span class='ocrx_word' id='word_1_177' title='bbox 839 3759 951 3813; x_wconf 87' lang='lat' dir='ltr'>duarum</span> <span class='ocrx_word' id='word_1_178' title='bbox 974 3760 1130 3814; x_wconf 87' lang='lat' dir='ltr'>litterarum</span> <span class='ocrx_word' id='word_1_179' title='bbox 1153 3759 1265 3827; x_wconf 79' lang='lat' dir='ltr'>legitur,</span> 
     </span>
     <span class='ocr_line' id='line_1_32' title="bbox 271 3847 1265 3920; baseline -0.004 -16"><span class='ocrx_word' id='word_1_180' title='bbox 271 3850 343 3920; x_wconf 77' lang='lat' dir='ltr'>quod</span> <span class='ocrx_word' id='word_1_181' title='bbox 367 3867 402 3904; x_wconf 89' lang='lat' dir='ltr'>ex</span> <span class='ocrx_word' id='word_1_182' title='bbox 432 3850 583 3916; x_wconf 84' lang='lat' dir='ltr'>„‹licerem“</span> <span class='ocrx_word' id='word_1_183' title='bbox 609 3852 766 3919; x_wconf 87' lang='lat' dir='ltr'>corruptum</span> <span class='ocrx_word' id='word_1_184' title='bbox 790 3866 851 3904; x_wconf 85' lang='lat' dir='ltr'>esse</span> <span class='ocrx_word' id='word_1_185' title='bbox 877 3850 907 3903; x_wconf 88' lang='lat' dir='ltr'>in</span> <span class='ocrx_word' id='word_1_186' title='bbox 935 3849 1078 3919; x_wconf 87' lang='lat' dir='ltr'>propatulo</span> <span class='ocrx_word' id='word_1_187' title='bbox 1107 3851 1157 3912; x_wconf 87' lang='lat' dir='ltr'>est,</span> <span class='ocrx_word' id='word_1_188' title='bbox 1185 3849 1214 3901; x_wconf 90' lang='lat' dir='ltr'>in</span> <span class='ocrx_word' id='word_1_189' title='bbox 1241 3847 1265 3900; x_wconf 92' lang='lat' dir='ltr'>B</span> 
     </span>
     <span class='ocr_line' id='line_1_33' title="bbox 271 3936 1265 4007; baseline -0.006 -13"><span class='ocrx_word' id='word_1_190' title='bbox 271 3940 393 4005; x_wconf 87' lang='lat' dir='ltr'>,‚dicam“</span> <span class='ocrx_word' id='word_1_191' title='bbox 412 3942 463 3993; x_wconf 84' lang='lat' dir='ltr'>eet.</span> <span class='ocrx_word' id='word_1_192' title='bbox 500 3939 592 4007; x_wconf 74' lang='lat' dir='ltr'>Atque</span> <span class='ocrx_word' id='word_1_193' title='bbox 615 3940 716 3993; x_wconf 87' lang='lat' dir='ltr'>maiore</span> <span class='ocrx_word' id='word_1_194' title='bbox 736 3940 903 3993; x_wconf 86' lang='lat' dir='ltr'>auctoritato</span> <span class='ocrx_word' id='word_1_195' title='bbox 925 3939 1002 3992; x_wconf 85' lang='lat' dir='ltr'>illius</span> <span class='ocrx_word' id='word_1_196' title='bbox 1021 3937 1084 3990; x_wconf 88' lang='lat' dir='ltr'>libri</span> <span class='ocrx_word' id='word_1_197' title='bbox 1105 3940 1196 3991; x_wconf 87' lang='lat' dir='ltr'>motus</span> <span class='ocrx_word' id='word_1_198' title='bbox 1214 3936 1265 3989; x_wconf 92' lang='lat' dir='ltr'>im·</span> 
     </span>
     <span class='ocr_line' id='line_1_34' title="bbox 271 4024 1265 4097; baseline -0.005 -15"><span class='ocrx_word' id='word_1_199' title='bbox 271 4028 423 4097; x_wconf 77' lang='lat' dir='ltr'>perfectum</span> <span class='ocrx_word' id='word_1_200' title='bbox 436 4044 497 4081; x_wconf 89' lang='lat' dir='ltr'>oum</span> <span class='ocrx_word' id='word_1_201' title='bbox 512 4028 544 4082; x_wconf 78' lang='lat' dir='ltr'>A.</span> <span class='ocrx_word' id='word_1_202' title='bbox 558 4027 702 4095; x_wconf 85' lang='lat' dir='ltr'>Spengelio</span> <span class='ocrx_word' id='word_1_203' title='bbox 716 4025 1002 4096; x_wconf 66' lang='lat' dir='ltr'>(ffleinrtntntt&#39;dplfisse,</span> <span class='ocrx_word' id='word_1_204' title='bbox 1019 4041 1044 4094; x_wconf 89' lang='lat' dir='ltr'>p.</span> <span class='ocrx_word' id='word_1_205' title='bbox 1058 4025 1120 4094; x_wconf 79' lang='lat'>359)</span> <span class='ocrx_word' id='word_1_206' title='bbox 1134 4024 1265 4093; x_wconf 84' lang='lat' dir='ltr'>praefero,</span> 
     </span>
    </p>
   </div>
   <div class='ocr_carea' id='block_1_14' title="bbox 232 4117 956 4277">
    <p class='ocr_par' dir='ltr' id='par_1_14' title="bbox 232 4117 956 4277">
     <span class='ocr_line' id='line_1_35' title="bbox 270 4117 956 4186; baseline -0.003 -16"><span class='ocrx_word' id='word_1_207' title='bbox 270 4133 349 4186; x_wconf 88' lang='lat' dir='ltr'>quem</span> <span class='ocrx_word' id='word_1_208' title='bbox 367 4117 397 4169; x_wconf 92' lang='lat' dir='ltr'>in</span> <span class='ocrx_word' id='word_1_209' title='bbox 415 4120 502 4170; x_wconf 87' lang='lat' dir='ltr'>metro</span> <span class='ocrx_word' id='word_1_210' title='bbox 521 4133 626 4185; x_wconf 82' lang='lat' dir='ltr'>quoque</span> <span class='ocrx_word' id='word_1_211' title='bbox 644 4133 737 4170; x_wconf 82' lang='lat' dir='ltr'>versus</span> <span class='ocrx_word' id='word_1_212' title='bbox 757 4121 868 4169; x_wconf 82' lang='lat' dir='ltr'>secutus</span> <span class='ocrx_word' id='word_1_213' title='bbox 888 4132 956 4169; x_wconf 89' lang='lat' dir='ltr'>sum.</span> 
     </span>
     <span class='ocr_line' id='line_1_36' title="bbox 232 4204 843 4277; baseline -0.008 -17"><span class='ocrx_word' id='word_1_214' title='bbox 232 4207 252 4277; x_wconf 72' lang='lat'>²)</span> <span class='ocrx_word' id='word_1_215' title='bbox 273 4205 408 4260; x_wconf 81' lang='lat' dir='ltr'>Kuehner.</span> <span class='ocrx_word' id='word_1_216' title='bbox 428 4205 444 4257; x_wconf 88' lang='grc' dir='ltr'>Ι.</span> <span class='ocrx_word' id='word_1_217' title='bbox 466 4221 488 4258; x_wconf 90' lang='lat' dir='ltr'>c.</span> <span class='ocrx_word' id='word_1_218' title='bbox 507 4206 543 4264; x_wconf 81' lang='lat'>11.</span> <span class='ocrx_word' id='word_1_219' title='bbox 563 4205 578 4272; x_wconf 62' lang='grc' dir='ltr'>ᾗ</span> <span class='ocrx_word' id='word_1_220' title='bbox 600 4206 657 4258; x_wconf 84' lang='grc'>181.</span> <span class='ocrx_word' id='word_1_221' title='bbox 675 4207 720 4269; x_wconf 72' lang='lat' dir='ltr'>io,</span> <span class='ocrx_word' id='word_1_222' title='bbox 739 4222 765 4274; x_wconf 92' lang='lat' dir='ltr'>p.</span> <span class='ocrx_word' id='word_1_223' title='bbox 784 4204 843 4260; x_wconf 66' lang='lat'>182.</span> 
     </span>
    </p>
   </div>
   <div class='ocr_carea' id='block_1_15' title="bbox 0 0 1474 4778">
    <p class='ocr_par' dir='ltr' id='par_1_15' title="bbox 0 0 1474 4778">
     <span class='ocr_line' id='line_1_37' title="bbox 0 0 1474 4778; baseline 0 0"><span class='ocrx_word' id='word_1_224' title='bbox 0 0 1474 4778; x_wconf 95' lang='lat' dir='ltr'> </span> 
     </span>
    </p>
   </div>
  </div>
 </body>
</html>
