2940 4778
718 309 758 374 18

248 503 321 570 Cas,
347 504 394 586 ΙΙ,Ι
415 504 446 586 4,
471 504 514 571 25
539 501 630 590 (283)
655 521 721 588 sq‚:

331 611 401 678 Iam
421 617 541 693 metuo,
565 629 607 676 ne
628 609 856 692 Olympionem
875 628 948 675 mea
969 627 1052 675 uxor
1070 608 1269 693 exoraverit,

330 720 379 784 Ne
402 717 558 785 Casinam
580 719 685 783 ducat.

248 845 340 910 Curc.
365 844 429 911 558
455 861 539 928 sqq.:
565 844 744 928 Postquam
767 862 836 908 rem
855 842 1000 910 divinam
1019 843 1093 927 feci,
1117 842 1270 911 venitin

922 955 1065 1017 mentem
1088 949 1177 1033 mihi,

325 1058 374 1123 Ne
394 1056 558 1138 tarpezita
577 1058 744 1123 exulatum
764 1057 893 1140 abierit,
918 1062 1091 1140 argentum
1111 1062 1150 1122 ut
1160 1061 1271 1138 petam

331 1165 379 1230 Ut
401 1183 461 1247 ego
485 1163 596 1246 potius
619 1164 776 1231 comedim
800 1184 896 1250 quam
920 1165 987 1231 ille.

245 1290 329 1357 Rud.
352 1292 414 1357 129
436 1307 497 1375 sq.:
522 1291 614 1356 Duas
634 1307 743 1356 secum
763 1290 901 1358 adduxit
919 1290 1039 1376 quique
1058 1289 1236 1357 edomavit
1245 1290 1269 1376 ¹)

1116 1396 1179 1462 sibi

303 1528 305 1545 ³
329 1505 468 1572 Utrem
491 1502 636 1571 divinam
659 1499 771 1587 fumat,
796 1509 856 1572 aut
876 1505 974 1573 hodie
998 1504 1160 1571 antheri.

288 1630 512 1713 Plesidippum
541 1630 591 1696 uti
621 1631 789 1712 praesenti
818 1630 996 1698 verisimile
1023 1629 1102 1711 mihi
1125 1630 1269 1715 videtur,

199 1737 277 1822 quia
299 1738 373 1804 leno
400 1756 434 1804 se
452 1737 711 1804 sacrificaturum
728 1757 801 1805 esse
824 1758 863 1805 eo
880 1744 1026 1821 tempore
1049 1757 1112 1823 quo
1137 1738 1269 1804 adules-

201 1863 279 1910 cens
301 1863 389 1911 nunc
412 1844 548 1912 advenit
570 1844 708 1912 dixerat.

245 1970 334 2037 Trin.
362 1971 420 2038 15:
444 1970 529 2038 Dedi
549 1971 580 2037 ei
598 1991 703 2038 meam
722 1975 868 2056 gnatam,
888 1971 1017 2058 quicum
1035 1990 1103 2037 una
1121 1974 1269 2038 aetatem

1060 2080 1174 2163 ratpot,

243 2186 358 2268 Amph.
386 2186 466 2253 195:
497 2186 551 2251 Me
579 2205 600 2252 5
627 2193 723 2269 portu
751 2187 923 2270 praemisit
950 2189 1088 2271 domum,
1118 2188 1201 2253 haec
1229 2191 1270 2253 ut

800 2296 944 2361 nuntiem
966 2294 1062 2361 uxori
1086 2312 1174 2361 5555.

246 2418 364 2485 Bacch.
391 2419 455 2484 589
480 2436 565 2504 squ:
604 2419 725 2486 Paucis
763 2438 814 2485 me
852 2419 942 2485 misit
980 2420 1074 2486 miles
1112 2421 1155 2486 ad
1172 2423 1176 2431 '
1193 2439 1266 2486 eam

951 2528 1176 2611 Cleomachus

427 2633 488 2700 Vel
511 2638 549 2699 ut
572 2635 730 2700 ducentos
752 2633 923 2716 Philippos
944 2635 1058 2701 reddat
1081 2653 1199 2702 aureos

425 2740 486 2806 Vel
502 2747 541 2807 ut
555 2740 632 2806 hinc
651 2741 685 2806 in
696 2741 844 2807 Elatiam
856 2741 952 2808 hodie
968 2747 1020 2808 eat
1037 2760 1146 2809 secum
1159 2742 1265 2810 simul.

246 2865 310 2932 Otr.
336 2868 455 2933 Bacch.
480 2868 545 2934 575
570 2851 634 2953 sq.;¹
658 2866 727 2934 Mil.
748 2868 791 2951 gl.
813 2868 876 2937 971
899 2886 962 2953 sq.;
989 2869 1062 2934 rer.
1080 2869 1182 2935 Andr.
1201 2870 1266 2937 687

940 2975 959 3059 ἓ
983 2978 1003 3042 9
1026 2978 1066 3060 A,
1090 3004 1118 3067 y.
1145 2980 1175 3044 2.

289 3099 415 3185 Quibus
438 3101 478 3166 de
501 3099 584 3166 locis
606 3119 724 3167 vereor
746 3120 787 3166 ne
811 3101 845 3167 Ο.
863 3101 1005 3168 Rothius
1028 3101 1071 3187 (p.
1097 3103 1151 3188 15)
1177 3105 1264 3168 erret

202 3225 276 3272 eum
299 3207 355 3292 qui
377 3207 532 3292 loquatur
554 3207 649 3292 quasi
671 3227 689 3274 e
715 3227 775 3274 555
798 3208 903 3290 ipsum
933 3215 1042 3276 mente
1067 3209 1263 3276 sententiam

202 3312 429 3379 secundariam
452 3314 666 3395 pronuntiare
690 3315 891 3382 existimans.
938 3317 1033 3400 Quod
1061 3316 1164 3383 statui
1187 3315 1267 3383 mihi

200 3439 379 3502 pronomen
402 3420 602 3505 reflexivum,
627 3441 689 3508 quo
715 3423 913 3489 sententiam
939 3442 1012 3489 esse
1037 3423 1176 3490 subiecti
1199 3423 1267 3506 pri-

199 3526 295 3593 marii
331 3526 542 3612 significetur,
581 3534 695 3597 vetare
725 3531 865 3598 videtur.
913 3532 966 3597 Me
999 3531 1128 3616 quidem
1158 3531 1267 3597 iudice

201 3633 231 3699 is
254 3634 309 3720 qui
325 3634 471 3719 loquitur
486 3634 546 3701 illa
562 3637 726 3703 enuntiati
749 3637 946 3704 formatione
964 3637 1103 3703 subiecti
1118 3636 1267 3720 primarii

201 3740 400 3808 seutentiam
431 3741 584 3823 exprimit
613 3743 714 3810 talem
739 3764 823 3829 quae
853 3745 1021 3827 praesenti
1051 3750 1198 3828 tempore
1223 3745 1267 3812 sit

202 3848 384 3915 efficienda.

225 4099 254 4168 ¹)
276 4099 321 4153 Sic
347 4100 496 4154 Lambinus
523 4103 597 4154 recto
622 4102 730 4156 videtur
749 4105 906 4173 scripsisso;
935 4105 999 4159 libri
1024 4107 1127 4161 habent
1156 4105 1266 4175 ‘quique

273 4188 418 4242 adornaret
437 4190 508 4244 sibi’.
