2940 4778
712 250 753 328 14

199 476 272 521 eum
300 456 434 540 „mirum
458 457 554 538 quin“
581 457 681 524 verbo
701 458 792 540 „est“
812 457 963 538 supplere
980 439 1131 522 efficitur.
1170 456 1264 541 Quod

199 562 226 627 si
258 580 372 629 verum
404 568 507 646 esset,
541 564 697 630 Plautum
728 581 861 630 usurum
894 562 998 629 fuisse
1031 561 1178 644 perfecto
1210 561 1264 627 hic

199 674 345 736 testatur
367 688 499 738 versus:

244 811 370 878 Cistell.
395 813 449 894 IV,
474 815 504 894 2,
530 796 572 878 67
597 811 707 898 (565);
740 811 858 878 Mirum
889 811 967 894 quin
996 832 1077 895 grex
1099 811 1266 879 venalium

726 919 761 984 iu
785 919 916 985 cistella
938 919 1076 1001 infuerit
1098 938 1173 985 uua.

287 1063 405 1145 ltaque
429 1064 517 1144 apud
538 1063 694 1129 Plautum
718 1063 745 1128 si
769 1063 843 1144 quis
866 1063 1031 1129 affirmare
1054 1063 1128 1131 vult
1152 1081 1266 1144 super-

202 1188 383 1236 vacaneum
407 1187 480 1236 esse
504 1170 558 1236 vel
583 1170 720 1235 stultum
743 1170 950 1253 interrogare
970 1189 1048 1237 num
1070 1169 1148 1251 quid
1170 1189 1266 1251 prae-

199 1275 298 1342 terito
321 1277 365 1342 sit
383 1275 516 1360 factum,
550 1277 619 1345 sive
639 1277 763 1359 aliquid
787 1277 859 1344 fieri
883 1282 1029 1360 putasse,
1059 1283 1119 1342 aut
1146 1296 1187 1342 ex
1208 1276 1265 1342 illo

199 1383 380 1465 praeterito
414 1388 560 1467 tempore
593 1383 744 1450 iudicans
779 1384 915 1468 „mirum
949 1384 1005 1469 (sc.
1044 1384 1130 1471 erat)
1164 1383 1262 1465 quin“

200 1511 272 1558 cum
296 1491 505 1559 coniunctivo
529 1491 713 1573 imperfecti
729 1498 788 1557 aut
804 1511 845 1558 ex
862 1510 920 1558 suo
936 1491 1103 1573 loquentis
1119 1496 1265 1572 ternpore

200 1598 314 1664 diceus
339 1597 556 1685 „mirumlsc
582 1599 646 1685 est)
675 1598 772 1680 quin“
803 1619 829 1664 c.
855 1598 1016 1665 coniunct.
1048 1597 1185 1680 perfecti
1209 1598 1268 1663 ad-

201 1705 301 1771 hibet.
318 1707 341 1794 ¹)

290 1851 410 1916 Bacch.
435 1853 518 1918 676:
557 1852 611 1917 An
635 1851 796 1934 nescibas
821 1871 918 1933 quam
942 1851 1013 1917 eius
1036 1850 1123 1918 modi
1146 1849 1268 1916 homini

786 1979 862 2025 raro
887 1962 1015 2040 tempus
1041 1976 1076 2024 se
1101 1960 1199 2025 daret.

290 2101 449 2168 Forsitan
482 2102 618 2168 miretur
648 2102 810 2185 quispiam
844 2104 930 2185 quod
963 2103 1129 2184 hocloco,
1155 2121 1268 2184 quam-

201 2228 298 2291 quam
323 2209 491 2276 sententia
516 2211 710 2277 secundaria
735 2210 821 2277 omui
845 2211 938 2279 valet
965 2216 1120 2293 tempore,
1151 2210 1268 2292 imper-

202 2316 282 2383 fecti
315 2316 543 2384 coniunctivus
571 2317 702 2401 legitur.
750 2319 815 2385 Sed
844 2317 946 2384 menti
981 2318 1052 2384 eius
1082 2317 1137 2399 qui
1166 2317 1269 2383 verba

203 2424 286 2490 facit
308 2424 392 2491 illud
414 2429 544 2506 tempus
575 2444 637 2505 quo
671 2445 707 2490 re
739 2443 819 2493 vera
847 2424 975 2491 occasio
1000 2432 1052 2491 est
1075 2424 1188 2491 oblata
1213 2424 1269 2489 ob-

206 2537 368 2599 versatur.

247 2658 320 2723 Ter.
346 2658 430 2724 Eun.
459 2659 537 2725 155:
563 2657 633 2723 Aut
656 2676 717 2739 ego
741 2656 918 2740 nescibam,
942 2675 1096 2739 quorsum
1120 2660 1156 2724 tu
1182 2656 1268 2721 ires?

351 2766 436 2832 Eun.
462 2768 525 2832 841
552 2782 613 2846 sq.:
650 2764 753 2849 Quasi
781 2765 893 2832 dedita
923 2784 1022 2847 opera
1052 2764 1138 2832 domi
1162 2768 1268 2846 erant,

909 2877 948 2940 ut
967 2863 1061 2940 ¹nullo
1085 2874 1179 2939 modo

567 2982 660 3047 Intro
684 2980 733 3046 ire
752 3002 887 3064 possem,
911 2980 989 3062 quin
1012 2980 1153 3046 uidaeat
1176 2998 1235 3044 me.

249 3105 335 3171 Huic
358 3105 425 3189 legi
448 3113 612 3190 repugnat
634 3106 750 3188 Amph.
776 3107 841 3174 225
865 3124 926 3188 sq.:

362 3214 525 3279 Convenit
547 3214 623 3278 uicti
645 3213 712 3279 utri
734 3215 800 3279 slot
823 3233 861 3279 eo
885 3212 1021 3296 praelio,

362 3321 493 3402 Urbem,
519 3340 642 3404 agrum,
669 3339 754 3403 arae,
780 3320 872 3386 focos
896 3339 994 3402 seque
1018 3318 1067 3384 uti
1090 3320 1245 3384 dederent.

293 3464 467 3531 Sententia
490 3464 634 3532 relativa
657 3462 799 3550 (vieti...
824 3463 964 3551 praelio)
988 3482 1061 3529 cum
1084 3461 1270 3543 praesentis

203 3571 345 3638 actionis
369 3572 571 3654 cogitatione
595 3591 680 3654 quae
703 3571 793 3638 inest
814 3571 847 3636 in
872 3571 972 3638 verbo
992 3568 1199 3654 „couvenit“,
1217 3568 1270 3635 eui

202 3678 305 3744 multo
331 3678 375 3743 sit
397 3679 530 3760 propior
552 3698 648 3760 quam
672 3678 801 3761 regenti
825 3679 925 3744 verbo
948 3678 1157 3761 „dederent“,
1175 3674 1269 3757 quasi

204 3784 371 3851 coalescit.

224 4028 245 4094 ⁹)
275 4027 375 4080 Omnes
394 4027 448 4080 loci
461 4027 561 4096 quibus
573 4027 689 4094 „mirum
708 4027 790 4095 quin“
810 4026 956 4090 iuvenitur,
969 4028 1078 4094 praeter
1090 4025 1192 4079 citatos
1205 4026 1271 4077 sunt

274 4115 318 4169 hi:
340 4116 435 4184 llmplr.
458 4118 517 4182 750,
535 4115 626 4171 Aulul.
646 4116 688 4178 85,
707 4115 783 4168 Pers.
804 4115 863 4177 339,
883 4114 952 4168 Ruu.
975 4114 1049 4178 1393,
1070 4114 1144 4178 Trio,
1164 4115 1223 4167 495.
