2940 4778
720 313 763 378 46

298 509 378 574 Hec.
403 509 467 574 434
492 526 557 590 sq.:
583 507 715 576 novisse
731 507 817 574 hunc
833 507 949 591 dicam,
972 507 1000 574 si
1022 507 1134 577 salvos
1149 507 1279 575 domum

422 615 579 682 Redisset
594 633 756 698 umquam,
773 619 812 680 ut
826 633 877 681 mc
894 613 1091 682 ambulando
1107 619 1277 698 rumperet·

209 722 258 788 Pl.
294 722 386 804 Oapt.
422 725 487 788 684
521 740 588 804 sqq.
599 744 609 787 :¹
644 722 691 788 At
723 720 787 787 erit
819 720 863 786 mi
895 722 957 788 lroc
989 721 1113 789 factum
1148 726 1279 788 mortuo

978 827 1189 897 memorabile

381 1096 383 1103 ’
423 1082 595 1162 Meumque
619 1080 729 1163 potius
752 1100 803 1147 me
828 1085 928 1162 caput
950 1078 1094 1163 periculo

422 1188 678 1270 Praeoptavisse
701 1207 798 1271 quam
821 1187 851 1253 is
868 1187 990 1268 periret
1012 1205 1143 1269 ponere.

299 1296 368 1362 Mil.
392 1296 434 1379 gl.
461 1297 527 1362 800
551 1313 614 1376 sq.:
640 1314 661 1361 a
684 1299 742 1361 tua
765 1293 809 1361 mi
832 1313 933 1360 uxore
958 1293 1064 1361 dicam
1079 1294 1227 1361 delatum
1243 1298 1279 1359 et

595 1484 600 1495 ι
852 1476 854 1480 ,
1064 1404 1188 1485 datum,

425 1510 472 1576 Ut
495 1527 567 1575 sese
591 1510 634 1576 ad
657 1529 729 1577 eum
755 1511 963 1577 conciliarum

299 1649 331 1729 β.
372 1643 561 1712 Infinitivus
584 1649 636 1711 est
659 1643 717 1712 inf.
737 1644 875 1726 perfecti
897 1645 999 1730 lopici.

210 1751 260 1818 Pl.
284 1751 380 1833 Epid.
405 1752 486 1818 580:
512 1752 604 1835 Nego
628 1772 701 1819 cam
723 1774 775 1820 me
797 1755 928 1836 acuisse,
952 1772 1037 1836 quae
1060 1754 1110 1820 sit.

300 1858 389 1925 Trin.
415 1860 498 1926 953:
523 1859 587 1942 Qui
610 1859 742 1941 quidem
765 1879 831 1927 non
853 1861 976 1928 novisse
991 1859 1122 1944 possim,
1147 1858 1278 1946 quicum

853 1972 999 2033 aetatem
1022 1967 1186 2052 coeperim.

298 2074 418 2142 Bacch.
442 2077 525 2142 864:
561 2075 655 2142 Faxo
692 2092 727 2142 se
760 2075 849 2142 haud
883 2074 974 2142 dicat
1007 2078 1146 2158 0001000,
1181 2093 1279 2157 quem

350 2215 353 2219 ·
1047 2183 1190 2248 oalowr

211 2288 385 2355 Sententia
408 2289 602 2372 praevalere
624 2278 703 2356 mihi
727 2289 858 2357 videtur
887 2288 1104 2380 „buberano
1128 2293 1277 2358 eum...“

298 2406 397 2471 Mero.
424 2406 489 2473 253
514 2424 579 2487 so:
603 2405 668 2472 nisi
692 2426 824 2489 capram
847 2405 939 2472 illam
962 2406 1111 2489 suspicor

424 2513 494 2579 Iam
518 2532 570 2579 mo
594 2513 749 2580 invenisse
771 2533 856 2595 quae
879 2515 920 2581 aii
948 2519 1007 2581 aut
1033 2513 1111 2596 quid
1133 2513 1276 2580 volucrit.

210 2620 284 2685 Ter.
308 2619 408 2686 Andr.
435 2620 500 2686 407
525 2637 589 2701 sq.:
615 2619 807 2689 Orationem
831 2625 944 2704 sperat
965 2621 1123 2688 invenisse
1145 2637 1181 2687 se

424 2725 487 2809 Qui
511 2726 642 2807 differat
665 2732 708 2794 te.

299 2851 371 2917 Non
404 2849 472 2918 alia
501 2857 554 2918 est
589 2856 771 2935 temporum
804 2853 1008 2936 consecutio,
1046 2851 1073 2918 si
1110 2849 1279 2918 sententia

210 2976 329 3039 regens
352 2957 498 3040 perfecto
523 2959 732 3041 praesentiae
756 2961 966 3044 exprimitur:

254 3066 347 3146 Gapt.
373 3067 455 3133 248:
480 3066 588 3146 Atque
612 3067 728 3149 utqui
751 3069 854 3151 fueris
876 3073 911 3134 et
933 3067 988 3149 qui
1007 3085 1094 3134 nunc
1109 3067 1155 3132 sis
1168 3065 1277 3131 000ιηὶ-

821 3175 906 3241 cisse
928 3180 966 3241 ut
989 3171 1185 3240 memineris.

210 3286 399 3353 Infinitivus
430 3287 658 3369 ,0000ιί1ιί000ι
689 3308 755 3355 non
785 3289 886 3356 alium
918 3295 1018 3372 atquo
1049 3286 1276 3373 „meminorit‘f

212 3411 342 3458 sonsum
367 3391 524 3476 continet,
549 3413 615 3475 qua
637 3394 815 3462 iteratione
838 3401 877 3462 ut
892 3396 1070 3478 diligenter
1085 3401 1184 3479 atquc
1200 3412 1275 3477 per-

210 3505 309 3582 petuo
335 3500 509 3583 Tyndarus
531 3520 654 3568 memor
676 3501 721 3583 ist
743 3503 893 3585 graviter
915 3510 1075 3570 monetur.

255 3625 354 3690 Poen.
380 3625 444 3690 ool
469 3641 554 3706 squ:
579 3643 645 3691 non
669 3628 846 3694 meminisse
868 3646 931 3694 uos
955 3629 1070 3710 ratu’s,

424 3730 592 3815 Quomodo
616 3737 784 3800 trecentos
806 3733 977 3817 Philippos
1008 3734 1193 3801 Collabisco
1226 3734 1276 3804 vi-

1121 3842 1186 3908 lico

409 3942 554 4026 Dederis,
579 3964 679 4026 quo..
695 3998 700 4011 .
716 3949 750 4012 ,Ρ
835 4025 837 4030 ,

211 4049 371 4133 „Ratu’s“
397 4056 575 4133 usurpatur
598 4051 646 4116 ita
670 4057 707 4117 ut
731 4053 895 4136 „mationa
912 4054 1073 4143 adhibita)
1091 4056 1123 4122 in
1140 4075 1183 4123 oa
1201 4075 1275 4123 sen-

212 4156 319 4223 tentia
342 4159 409 4221 es.“
