2940 4778
728 320 772 386 30

214 518 363 581 coactum
378 519 510 597 poetam
529 533 569 580 ea
586 513 766 596 scripsisse.
792 514 900 580 Unum
919 514 1025 581 locum
1043 533 1078 580 se
1097 515 1282 598 repperisse

213 626 318 704 putat,
342 621 398 687 nbi
423 622 515 689 salvo
535 626 639 687 metro
663 625 739 702 post
754 620 936 704 perfeetum
959 622 1038 704 poni
1053 622 1200 704 potnerit
1221 623 1282 689 im-

213 727 394 811 perfectum
418 728 595 795 usitatius:

258 835 358 901 Ennii
382 855 457 901 ann.
483 837 548 902 252
574 853 642 921 sqq.
668 833 730 919 (ed.
755 835 915 922 Vahlen):

483 942 587 1008 multa
611 948 729 1008 tenens
752 942 890 1027 antiqua
914 943 1053 1024 sepulta,
1079 948 1233 1011 vetustas

320 1051 424 1134 Quem
447 1048 527 1116 fecit
556 1068 663 1116 mores
685 1054 881 1137 veteresque
909 1069 1077 1135 novosque
1102 1056 1279 1134 tenentem,

316 1158 496 1224 Multorum
518 1162 667 1225 veterum
695 1157 787 1240 leges
810 1157 984 1242 divumque
1007 1158 1256 1242 hominumque3

319 1266 505 1332 Prudenter
527 1263 583 1348 qni
606 1265 696 1330 dicta
720 1265 851 1350 loquive
876 1270 1030 1332 tacereve
1052 1267 1165 1348 possit:

318 1373 414 1439 Hunc
437 1371 526 1437 inter
548 1390 677 1455 pugnas
700 1372 861 1440 Servilius
886 1371 934 1438 sic
958 1375 1131 1455 compellat.
1218 1438 1222 1446 ,

301 1481 356 1562 At,
381 1485 420 1546 nt
452 1482 610 1562 „posser‘
643 1480 678 1546 in
708 1487 804 1562 parte
826 1481 984 1549 librorum
1008 1481 1095 1548 tradi
1119 1481 1280 1564 omittam,

214 1606 372 1672 praesens
396 1607 453 1654 suo
478 1594 531 1655 est
554 1589 636 1670 loco,
670 1588 739 1657 sive
770 1588 825 1673 qui
849 1589 1058 1655 enuntiatum
1082 1590 1283 1672 „prudenter

212 1751 218 1764 .
236 1696 422 1780 ...possit‘
440 1715 512 1763 cum
530 1696 696 1763 sententia
715 1716 831 1782 „quem
847 1696 928 1772 iecit
943 1750 949 1763 .
964 1751 970 1764 .
984 1751 990 1764 .
1005 1751 1011 1764 .
1028 1697 1281 1784 hominumque“

212 1805 415 1888 coniungunt
441 1803 512 1870 sive
543 1805 656 1870 eodem
683 1806 777 1871 modo
806 1810 906 1890 atque
933 1805 1019 1871 hanc
1042 1806 1084 1872 ab
1108 1804 1281 1871 enuntiato

213 1911 367 1994 primario
383 1911 489 1994 „hunc
506 1964 512 1977 .
527 1964 552 1977 ..
572 1911 768 1994 compellar‘
785 1910 927 1993 pendere
940 1911 1148 1978 existimant:
1166 1912 1281 1979 Euon-

211 2018 288 2085 tiati
313 2021 514 2103 „prudenter
529 2073 536 2086 .
550 2072 556 2085 .
570 2072 597 2085 ..
616 2019 742 2102 possit“
762 2025 899 2103 tempus,
921 2020 1220 2105 quomodocumque
1246 2038 1281 2086 se

214 2145 268 2193 res
299 2127 408 2209 hebet,
435 2147 507 2194 cum
539 2132 684 2211 tempore
715 2127 879 2196 enuntiati
910 2127 1056 2210 primarii
1088 2128 1196 2211 „hunc
1212 2181 1218 2194 .
1232 2180 1238 2194 .
1252 2180 1280 2195 ..

212 2234 407 2317 compellat“
434 2234 593 2319 congruit.
631 2237 741 2321 Atque
764 2254 830 2304 una
854 2254 927 2304 cum
945 2236 1008 2302 hac
1031 2236 1198 2302 sententia
1221 2235 1281 2302 illa

215 2362 343 2427 quoque
367 2349 648 2425 repraesentatur.

712 2498 842 2579 §65

301 2632 517 2697 Praesens
540 2630 626 2711 qnod
647 2628 769 2694 dicitur
791 2628 1045 2696 historicum
1068 2629 1130 2696 hoc
1152 2630 1279 2698 dernurn

214 2739 286 2804 loco
304 2738 512 2804 tractandum
536 2736 616 2803 mihi
632 2735 797 2820 proposui,
822 2736 900 2819 qnia
922 2736 956 2805 in
977 2756 1015 2803 eo
1032 2741 1162 2819 tempus
1184 2755 1280 2818 prae-

211 2862 288 2910 sens
311 2864 382 2911 oum
413 2845 559 2931 perfecto
592 2843 799 2911 commixtum
831 2850 892 2912 est.
940 2845 1013 2928 Qua
1044 2844 1149 2910 forma
1172 2844 1202 2909 is
1225 2843 1280 2926 qui

209 2952 312 3019 verba
336 2952 419 3019 facit
441 2952 656 3035 praeteritam
681 2951 844 3019 actionem
872 2952 922 3020 ita
944 2957 1070 3034 narrat,
1101 2951 1196 3034 qnasi
1220 2969 1279 3019 suo

212 3059 317 3142 ipsius
340 3066 487 3143 tempore
511 3065 611 3142 atque
635 3078 670 3126 se
695 3064 868 3143 spectante
891 3059 945 3128 vel
969 3063 1089 3143 agente
1113 3060 1180 3125 fiat.

300 3168 418 3248 Itaque
443 3167 610 3234 sententia
640 3186 724 3249 quae
753 3166 883 3233 accedit
906 3165 1101 3238 secundaria
1132 3170 1191 3232 aut
1213 3184 1280 3234 una

210 3292 282 3339 curn
307 3274 438 3341 actione
462 3274 618 3358 primaria
648 3275 691 3341 ad
713 3273 881 3356 loquentis
912 3278 1040 3361 tempus
1064 3279 1124 3340 ant
1146 3291 1279 3355 reprae-
1321 3286 1324 3293 ’

211 3381 400 3447 sentations
413 3381 535 3447 omissa
547 3382 589 3448 ad
602 3382 827 3464 praeteritum,
851 3400 963 3448 venno
981 3381 1123 3448 actionis
1139 3385 1278 3464 tempus,

210 3488 361 3556 revocari
384 3494 504 3571 potest.

298 3597 324 3662 I.
372 3598 468 3679 Apud
491 3597 690 3664 Plautum
715 3617 786 3662 cunr
810 3595 977 3679 praesenti
999 3594 1156 3663 historico
1181 3594 1278 3678 longe

209 3702 453 3785 plerumque
486 3703 715 3771 coniunctivus
745 3703 995 3786 praesentis
1027 3709 1069 3769 et
1091 3703 1278 3786 perfecti

210 3809 428 3892 coniungitur.
477 3811 588 3877 Testis
611 3817 664 3877 cst
687 3811 739 3877 hic
763 3830 919 3878 numerus
942 3810 1178 3893 exemplorum:

281 4006 340 4059 Meo
360 4007 469 4074 quidem
495 4007 596 4062 iudicio
620 4007 774 4076 praesentis
801 4008 992 4061 coniunctivae
1012 4024 1042 4061 co
1062 4008 1181 4077 ponitur,
1206 4007 1278 4076 quod

280 4095 436 4163 participiis
455 4095 610 4163 praesentis
624 4096 744 4150 efficitur
763 4096 981 4164 repraesentatio
1002 4099 1034 4148 ut
1053 4096 1144 4150 eadem
1165 4096 1204 4149 sit
1216 4112 1278 4150 sen·

282 4185 372 4238 tentia
392 4201 422 4237 ac
443 4184 465 4237 si
488 4185 602 4252 „plorat
621 4185 763 4239 obsecrat“
783 4185 899 4238 dicetur.
